2892 4675
707 205 748 270 42

255 386 408 467 'apparet
437 389 545 454 autem
577 385 679 452 evinci
723 401 786 452 nen
805 403 905 467 pesse,
930 385 1023 451 unde'
1051 388 1180 468 quaevis
1206 406 1282 453 nar·

184 495 271 564 ratio*
294 491 470 576 depromta·
485 495 535 562 stt.
587 495 685 561 Velut
714 495 845 563 dubium
878 504 936 580 est,
971 504 1079 565 utrum
1101 499 1279 566 Clidemum

177 604 244 685 ipae
268 603 383 685 legerit
402 621 443 667 an
465 604 539 668 aiibi
561 604 694 670 citatum
715 605 878 672 invenerit.
922 608 972 674 Ad
994 608 1077 673 hune
1096 609 1180 673 enim
1198 607 1279 673 refe·

179 714 278 782 rende
300 716 374 778 sunt
394 712 492 778 verba
516 733 539 780 e.
558 717 592 776 1:
613 711 757 796 Λέγεται
773 712 809 779 δὲ
820 714 874 779 καὶ
888 714 1127 798 Πεισίστρατος
1141 711 1280 800 ἐραστής

177 815 321 905 Χάρμου
343 819 497 906 γενέσθαι
518 821 572 885 καὶ
593 816 632 888 τὸ
653 811 783 906 ἄγαλμα
804 826 867 888 τοῦ
881 813 1029 906 ’Ἑρωτος
1050 822 1084 889 ἐν
1098 815 1280 911 Ἀκαδημίᾳ

178 932 396 1016 καθιερῶσαι.
433 930 492 998 lile
514 934 619 996 autem
636 931 672 995 'in
693 936 805 1000 octavo
825 934 893 996 τῶν
914 927 1054 1000 Νόστων
1082 933 1180 1014 (quod
1202 951 1280 1015 opus

177 1038 311 1106 tortasse
327 1039 477 1104 Atthides
497 1040 664 1120 parserat)
687 1039 767 1106 libre
800 1041 879 1108 haec
897 1043 1042 1108 narrarit
1062 1043 1191 1123 (Athen.
1202 1042 1279 1110 XIII

108 1226 115 1230 ,
177 1167 207 1230 p.
220 1152 279 1213 609
292 1146 325 1212 C.
336 1147 374 1213 fr.
389 1151 429 1213 24
440 1147 484 1214 Μ.
496 1147 513 1212 Ι
526 1166 557 1229 p.
570 1148 646 1229 364)
671 1146 872 1234 (Κλείδημος
886 1142 1013 1232 ἱστορεῖ
1029 1148 1070 1215 ’ἐν
1093 1141 1202 1236 ὀγδόῳ
1224 1144 1279 1216 νό-

177 1256 278 1340 στιον)
310 1249 452 1347 Χάρμου
480 1258 539 1321 τοῦ
570 1250 879 1343 πολεμαρχήσαντος
909 1256 1075 1342 θυγατέρα
1108 1255 1225 1340 ἐλαβεν
1246 1253 1280 1332 td

178 1363 431 1449 Πεισίστράτος)
452 1359 567 1452 Ἱππίᾳ
578 1359 878 1450 περικαλλεστάτην
901 1352 1013 1449 οὖσαν,
1034 1368 1082 1453 τῷ
1096 1370 1167 1451 μετ’
1178 1365 1281 1435 αὐτὸν

177 1468 437 1557 τυραννεύσαντι·
452 1472 570 1560 συνέβη
592 1473 637 1554 δὲ,
651 1468 706 1551 ,ὥς
718 1496 811 1559 φησι,
832 1470 892 1539 τὸν
907 1469 1056 1560 Χάρμον·
1070 1472 1209 1563 ἐραστὴν
1220 1481 1280 1544 τοῦ

176 1579 307 1652 Ἱππίου
327 1583 482 1668 γενέσθαι
503 1582 556 1649 καὶ
575 1578 636 1649 τδν
654 1577 741 1667 πρὸς
761 1574 943 1671 Ἀκαδημίᾳ
955 1575 1086 1667 ’Ἔρωτα
1104 1576 1281 1668 ’(’Έρωτος

178 1687 392 1777 βωμόνοοοί.
410 1692 555 1776 Siebelis)
576 1686 784 1776 ἱδρύσασθαι.
808 1693 902 1759 Vides
924 1698 1119 1774 quantopere
1137 1694 1277 1758 namatio

180 1822 200 1868 a
219 1802 391 1869 Plutarcho
412 1818 581 1884 perperam
603 1806 731 1866 mutata
755 1802 805 1867 sit.
859 1802 975 1868 Utrum
1005 1800 1065 1866 hoa
1085 1802 1152 1866 eius
1173 1801 1276 1881 culpa,

180 1913 234 1994 qni
266 1930 381 1994 perum
402 1915 549 1978 accurate
576 1911 608 1976 id
630 1911 715 1991 quud
737 1913 860 1992 legerat
888 1911 1039 1976 memorie
1069 1908 1205 1988 tenebat,
1238 1927 1279 1974 an

83 2017 86 2026 “
180 2021 261 2087 alius
283 2020 402 2085 factum
427 2021 476 2100 sit,
491 2037 585 2100 quem
598 2022 799 2100 sequebatur,
816 2018 945 2085 dubium
961 2023 1018 2084 est.
1040 2019 1190 2083 Attamen
1202 2016 1281 2082 illud

180 2148 305 2196 sumere
323 2117 440 2194 malim.

263 2237 309 2303 Ut
332 2256 406 2302 vero
417 2233 610 2302 Plutarchus
632 2235 718 2300 nobis
742 2232 969 2316 vituperandus
989 2233 1145 2314 estquod
1167 2233 1199 2312 in
1218 2233 1280 2297 siu-

108 2368 109 2373 ’
180 2348 261 2431 gulis
281 2348 374 2413 rebus
396 2366 429 2414 se
450 2346 665 2428 indiligentem
689 2350 721 2410 et
742 2345 844 2410 levem
866 2344 1069 2426 praestiterit,
1088 2342 1149 2431 „ite
1178 2347 1280 2408 totam

181 2457 280 2522 vitam
300 2457 432 2522 laudare
453 2474 515 2520 non
534 2472 710 2537 possumus,
734 2458 832 2534 atque
853 2453 1024 2529 dolendum
1046 2455 1095 2518 est
1116 2470 1189 2517 eum
1212 2449 1279 2516 fen·

182 2570 231 2632 tes
258 2565 554 2646 praestantissimus,
575 2563 689 2644 quibus
711 2564 758 2627 uti
781 2563 893 2642 potuit,
924 2565 981 2627 aut
1018 2578 1147 2642 prorsus
1177 2559 1281 2641 negle-

181 2675 265 2739 xisse
294 2678 352 2738 aut
378 2691 476 2754 prave
507 2672 697 2736 adhibuisse.
742 2670 804 2734 Sed
828 2674 902 2734 utut
922 2669 1000 2732 haee
1022 2673 1105 2746 sunt,
1129 2685 1280 2747 magnam

183 2783 211 2848 ei
231 2778 367 2864 gratiam
399 2780 558 2858 debemus,
590 2777 675 2859 qued
706 2778 789 2842 hane
809 2770 1062 2868 qualemcunque
1084 2775 1183 2841 vitam
1208 2795 1281 2842 eon·

182 2890 313 2975 scripsit.
504 2894 506 2897 ’
