2892 4675
703 234 744 297 tl·

173 421 221 487 ita
238 416 369 501 <quoque
390 419 633 501 discrepantiam
658 413 826 497 explicare,
846 416 910 481 nisi
925 421 999 481 ‘eain
1020 415 1275 498 Laertii‘Dioge·

172 532 224 595 nis
242 530 613 612 negligenticetrihaere
635 529 746 604 maris,
766 532 803 592 ut
827 523 914 592 dicas
924 525 1135 607 Hermippum
1148 521 1277 607 praeter

173 639 355 721 Phlyzchrm
375 638 533 705 Rhodium
558 638 636 703 alios
658 651 931 715 commemorasse,
950 635 1010 716 >qui
1031 640 1162 716 septem,
1186 634 1275 713 ahos,

174 748 229 829 qui
258 750 397 829 quinque
425 748 547 814 talenta
568 746 809 827 perhibuissent,
839 745 1047 810 Plutarchum
1073 757 1150 809 uero
1167 742 1276 823 hunc,

176 851 350 940 Diogenem
371 852 461 922 illum
481 873 649 924 numerum
672 855 837 936 accepisse.
1221 872 1225 882 ι

267 966 385 1046 Quodsi
406 985 562 1033 summam
578 953 711 1031 'nostrae
732 965 960 1031 dissertationis
979 963 1118 1030 breviter
1126 961 1276 1045 compleo

174 1078 292 1157 timor,
307 1074 566 1141 Plutarchum
589 1070 791 1139 inSolonis
813 1074 891 1138 vita
913 1072 1171 1138 describenda
1193 1071 1277 1137 ties

174 1183 427 1267 potissimum
465 1183 595 1248 fontes
631 1181 869 1247 adhibuisse
910 1181 1085 1248 uidimus
1109 1171 1276 1248 ‘Salonio
1315 1105 1327 1243 i

176 1291 350 1360 carmina
373 1298 411 1358 ct
428 1292 585 1374 Didymi
604 1292 731 1356 libros
749 1296 789 1356 et
802 1291 1002 1371 Hermippi
1020 1305 1138 1372 opera
1160 1293 1277 1371 atque

176 1402 417 1482 itacuidem,
449 1407 492 1465 ut
512 1399 704 1468 haectoti
727 1401 837 1465 vitae
867 1399 984 1480 quasi
1018 1399 1276 1465 laudamento
1319 1435 1328 1514 j

178 1505 397 1587 subessent,
417 1509 671 1618 =ex1Didymo
693 1514 829 1576 autem
851 1508 1068 1615 praecipue
1088 1526 1136 1573 aa
1151 1512 1274 1573 trans·
1312 1519 1321 1576 s

178 1619 458 1700 scriberentur,
480 1638 587 1700 quae
607 1619 657 1683 ad
679 1605 797 1701 leges
815 1620 1071 1702 pertinerent
1082 1618 1123 1699 ¹.)
1161 1617 1275 1696 Itaque

177 1728 351 1793 diiudicare
368 1733 544 1809 possumus,
567 1721 668 1810 quant
669 1747 722 1793 um
756 1728 829 1794 fidei
860 1728 992 1810 singulis
1008 1725 1221 1792 tribuendum
1235 1722 1278 1792 sit

176 1836 338 1903 Plutarchi
361 1831 592 1972 relationibus.
1131 1861 1133 1866 ’
1190 1861 1192 1866 ’

217 2121 274 2191 1)
292 2120 356 2175 Non
384 2120 474 2175 silebo
508 2139 553 2175 me
578 2122 733 2176 coniecisse
767 2122 887 2177 fortasse
914 2140 999 2175 ιιιιιιιιι
1025 2123 1136 2200 tanturn
1170 2119 1275 2174 fontem

180 2221 293 2286 praeter
313 2216 428 2292 Solonis
454 2217 579 2271 carmina
605 2217 784 2272 statuendum
810 2235 871 2272 esse
897 2222 980 2287 atque
1009 2185 1193 2285 Hermippum
1218 2215 1276 2284 qui·

179 2313 251 2377 dem,
278 2307 356 2367 cuius
378 2295 534 2367 narrationi
560 2313 703 2368 interdum
732 2314 843 2385 singula
866 2332 901 2369 ex
924 2313 1044 2383 Didymo
1073 2317 1206 2383 excerpta
1235 2314 1276 2366 in·

176 2413 251 2464 serta
270 2396 372 2464 esseirt
408 2408 441 2463 Id
458 2409 603 2464 Plutarchi
621 2411 819 2463 consuetudini
836 2426 954 2480 prorsus
972 2410 1165 2480 responderet,
1190 2400 1277 2464 0de

174 2486 504 2561 Peteruni¹Mrrs.'Ilben.
521 2507 576 2560 vol.
594 2502 673 2559 XXII
694 2505 785 2575 (1867)
803 2523 830 2575 p.
840 2510 885 2573 62,
904 2507 982 2561 cuius
1006 2508 1094 2562 rerba
1116 2498 1277 2561 huc‘trans'-

174 2607 295 2662 scrihere
312 2607 413 2660 liceat:
454 2605 556 2660 »Hatte
574 2602 710 2659 Plutarch
729 2603 830 2658 einmal
858 2605 920 2658 cine
937 2603 1033 2670 Qualis
1057 2602 1205 2675 gerunden,
1230 2603 1277 2659 dia

145 2736 151 2745 -
175 2703 478 2763 seinomsseschmaclra
495 2702 552 2757 und
571 2702 811 2757 seinanchcksn
827 2700 1000 2772 sollatandig
1017 2705 1141 2773 rusagtau
1158 2718 1190 2756 so
1209 2702 1277 2756 beu⁴

174 2804 233 2857 tata
250 2818 282 2869 er
298 2801 339 2854 sic
355 2800 431 2869 cuch
446 2817 477 2867 sn
497 2800 579 2870 lange
601 2799 644 2859 als
662 2799 764 2870 irgend
782 2798 906 2869 mdglich
924 2815 984 2864 aus,
1012 2798 1143 2867 sntnalpp
1161 2815 1212 2857 aus
1231 2797 1277 2859 ihr

178 2894 234 2947 den
244 2894 423 2948 Grundstock
439 2896 530 2949 seiner
547 2895 734 2962 Eradhlung.‹
754 2894 797 2948 Ea
816 2896 977 2949 coniectura
984 2894 1088 2949 multae
1095 2893 1276 2955 difficultates

132 3047 134 3050 Α
176 2994 394 3044 removerentur.
413 2989 581 3058 Hermippus
600 2993 694 3043 autem
713 2991 773 3044 sine
790 2991 874 3045 dubio
892 2992 980 3044 libros
995 2966 1167 3054 Aristotelis,
1187 2989 1276 3043 Theo-

175 3084 294 3156 phrasti,
315 3085 452 3140 Demetrii
468 3085 607 3150 Phalerei,
619 3085 902 3150 HeraclidisPontici‚
925 3087 1052 3154 aliorum,
1069 3103 1187 3154 quorum
1204 3085 1276 3140 vitas

175 3178 372 3248 descripserat,
394 3183 526 3233 accurate
542 3180 714 3248 perlegerat,
734 3179 908 3247 adhibuerat,
927 3181 1069 3234 attulerat.
1115 3179 1171 3234 Sed
1190 3197 1276 3247 quum

171 3275 312 3339 incertum
332 3275 376 3339 sit,
405 3293 471 3329 num
488 3274 523 3329 de
540 3276 635 3345 legum
653 3275 757 3328 tabulis
776 3281 908 3330 accurata
926 3276 1025 3346 egerit,
1055 3274 1124 3329 illud
1141 3279 1218 3329 certo
1237 3274 1276 3329 al·

174 3371 287 3426 firmare
304 3388 360 3426 mon
379 3371 477 3426 ausim.
498 3371 670 3441 Quamquam
688 3371 763 3426 haud
781 3373 841 3428 veri
860 3370 995 3427 dissimile
1011 3375 1056 3426 est
1073 3389 1136 3426 eum
1154 3371 1184 3425 in
1200 3371 1274 3426 libro

79 3510 83 3521 .
174 3471 237 3537 περὶ
254 3469 419 3539 νομοθετῶν
437 3467 598 3523 Callimachi
616 3469 745 3538 magistri
766 3486 845 3538 opus,
876 3469 952 3538 quod
969 3464 1178 3523 inscribebatur
1195 3471 1277 3530 πίναξ

175 3564 231 3617 τῶν
249 3558 354 3634 νόμων,
376 3563 516 3618 imitatum
536 3570 664 3619 accurate
684 3566 718 3619 de
738 3566 830 3634 legum
848 3564 951 3625 tabulis
969 3564 1134 3635 disputasse.
1171 3564 1276 3632 Quodsi

176 3663 358 3714 statuerimus
377 3660 561 3731 Hermippum
580 3661 690 3715 Solonis
708 3661 870 3715 Plutarchei
890 3661 996 3716 fontem
1016 3662 1109 3727 fuisse,
1133 3678 1190 3715 non
1207 3661 1276 3715 lice-

173 3757 218 3811 bit
236 3755 300 3809 inde
319 3755 395 3824 quod
410 3755 580 3827 Hermippus
599 3776 654 3811 non
673 3759 741 3812 satis
760 3761 854 3812 certus
873 3762 1041 3819 auctorest,
1060 3757 1227 3812 concludere
1245 3757 1276 3811 in

176 3850 287 3905 Solonis
308 3851 366 3904 vita
384 3850 491 3906 incerta
510 3855 621 3907 tantum
639 3853 740 3917 inesse,
760 3854 809 3907 sed
827 3852 897 3909 fides
915 3854 973 3907 eius
993 3871 1027 3908 ex
1045 3853 1161 3922 singulis
1172 3853 1276 3923 pendet

175 3947 346 4014 auctoribus,
369 3947 471 4017 quibus
485 3966 550 4002 usus
567 3954 618 4014 est,
633 3954 715 4018 atque
733 3950 756 4002 si
767 3949 1023 4013 examinaverimus,
1036 3967 1071 4005 ex
1080 3949 1275 4018 quibuaserip·

175 4045 286 4099 toribus
313 4044 423 4115 singula
455 4045 553 4101 hausta
572 4046 637 4111 aiut,
656 4047 687 4103 id
704 4048 779 4120 quod
797 4065 849 4103 nos
864 4046 958 4102 conati
977 4064 1080 4113 sumus,
1108 4047 1143 4101 do
1161 4045 1216 4101 fida
1233 4047 1273 4102 iu·

176 4142 272 4195 dicare
289 4142 452 4212 poterimus.
