2892 4675
724 242 745 302 8

188 419 289 486 tarchi
310 418 414 486 verbis
432 436 457 484 a
476 422 528 484 12:
563 411 695 497 ταύταις
723 418 760 485 δὲ
786 424 859 499 ταῖς
886 426 1041 506 ταραχαῖς
1061 425 1186 506 (turbas
1206 425 1281 492 dicit

187 527 482 595 Alcmaeonidarum
520 528 638 593 scelere
660 532 801 611 exortas)
829 528 884 595 καὶ
905 529 1086 615 Μεγαρέων
1104 535 1282 596 συνεπιθε-

186 636 293 720 μένων
317 628 483 719 αἷπέβαλόν
510 658 546 701 re
576 634 715 702 Νίσαιαν
747 632 780 704 οἳ
806 630 989 725 Ἀθηναῖοι
1019 640 1072 706 καὶ
1100 641 1282 724 Σαλαμῖνος

186 744 342 828 ἐξέπεσον
363 731 471 822 αὖθις.
505 747 569 826 (Ex
589 746 637 811 his
656 747 761 814 verbis
783 750 887 814 elucet
907 750 1113 817 Athenienses
1133 751 1282 817 Nisaeam

185 860 249 924 iam
270 856 303 921 in
326 855 448 921 Solonis
466 854 662 936 expeditione
681 858 813 937 imperio
835 876 891 923 suo
913 858 1102 944 subiecisse).

267 964 361 1029 Hunc
391 969 498 1030 autem
521 963 684 1028 Plutarchi
716 965 819 1030 locum
846 968 987 1033 Plassius
1020 967 1147 1052 (Gesch.
1169 968 1199 1033 d.
1222 969 1282 1050 Ty·

185 1075 293 1141 rannis
317 1074 368 1139 hei
390 1073 420 1138 d.
445 1072 599 1138 Griechen
619 1072 635 1136 Ι
656 1091 687 1153 p.
704 1075 778 1157 183)
800 1075 841 1141 ad
863 1076 895 1141 id
916 1082 1041 1159 tempus
1063 1083 1205 1158 spectare
1224 1097 1282 1159 pu·

185 1188 244 1265 tat,
268 1182 353 1266 qnod
377 1182 498 1256 Solonis
519 1182 751 1263 expeditionem
779 1186 984 1252 antecesserit
1017 1190 1113 1266 atque
1144 1192 1205 1251 aa
1229 1207 1283 1253 an-

185 1296 285 1372 notat,
307 1291 390 1371 quod
411 1290 604 1356 Plutarchus
630 1290 819 1357 vocabulum
840 1278 940 1369 αὖθις
960 1294 978 1357 i.
994 1311 1021 1358 e.
1042 1294 1157 1360 iterum
1177 1294 1283 1376 addat,

186 1402 218 1468 id
240 1419 277 1468 eo
299 1398 522 1482 explicandum
545 1417 621 1480 ease,
644 1402 729 1481 quod
750 1401 811 1482 ille,
833 1403 887 1483 qui
916 1404 948 1468 in
977 1403 1050 1469 ritis
1079 1421 1140 1470 non
1161 1421 1285 1484 semper

185 1513 336 1594 temporis
356 1511 496 1576 ordinem
519 1512 700 1591 servaverit,
722 1513 787 1577 iam
809 1518 905 1578 antea
928 1512 969 1597 (c.
984 1514 1017 1596 8)
1039 1513 1174 1579 insulam
1193 1533 1212 1578 a
1229 1512 1283 1578 So·

184 1624 256 1688 lone
277 1625 491 1703 expugnatam
514 1620 701 1686 narraverit.
747 1620 809 1687 Sed
836 1619 914 1686 haec
938 1621 1107 1702 explicatio
1135 1621 1209 1685 mihi
1237 1621 1283 1686 in·

186 1732 346 1815 eptissima
367 1730 500 1796 videtur.

266 1840 335 1904 Iam
359 1856 434 1903 vero
456 1836 674 1917 quaerendum
697 1842 756 1917 est,
780 1837 904 1917 quando
928 1836 1114 1903 Pisistratus
1135 1836 1284 1902 Nisaeum

186 1947 424 2030 expugnaverit.
457 1946 646 2012 Dunckerus
669 1946 726 2024 (IV
743 1965 775 2027 p.
787 1948 863 2024 296)
884 1946 917 2011 id
936 1946 1019 2011 circa
1041 1964 1070 2010 a.
1083 1950 1144 2011 560
1165 1945 1284 2009 factum

186 2074 254 2123 esse
275 2055 443 2120 existimat.
463 2053 567 2119 Multo
589 2058 664 2119 ants
686 2058 770 2120 certe
794 2053 915 2119 factum
928 2073 996 2120 esse
1008 2072 1070 2119 non
1082 2058 1194 2137 potest,
1210 2051 1284 2132 quia

186 2165 325 2246 alioquin
345 2163 530 2229 Pisistratus
550 2162 704 2228 exercitui
726 2179 788 2226 non
808 2162 988 2243 praefectus
1010 2167 1100 2229 esset.
1125 2159 1186 2228 Sed
1209 2160 1285 2224 mihi

186 2274 345 2358 expeditio
366 2272 528 2353 aliquanto
552 2274 625 2353 post
646 2270 732 2336 facta
755 2271 881 2336 videtur
901 2272 1079 2355 respicienti
1098 2270 1285 2335 relationem

188 2384 361 2464 Plutarchi,
390 2382 444 2464 qui
466 2401 492 2447 c.
510 2386 548 2448 10
576 2381 723 2449 Solonem
751 2381 888 2448 effecisse
913 2382 996 2464 dicit,
1027 2387 1064 2448 ut
1086 2381 1286 2464 Megarenses

186 2514 297 2580 pacem
317 2494 444 2560 inirent.
499 2492 594 2559 Solon
624 2492 706 2558 enim
729 2491 977 2573 Megarensibus
1012 2493 1159 2573 quisine
1190 2490 1284 2556 dubio

186 2606 226 2671 ab
255 2602 498 2671 Atheniensibus
524 2603 674 2670 Nisaeam
701 2603 857 2687 praesidio
889 2601 1070 2668 tenentibus
1095 2617 1285 2683 magnopere

186 2714 424 2798 premebantur,
448 2712 621 2795 proposuit,
643 2716 680 2775 ut
700 2712 948 2776 controversiam
972 2709 1012 2774 de
1023 2708 1191 2775 Salaminis
1213 2726 1285 2790 pos·

183 2824 324 2891 sessione
347 2820 605 2887 Lacedaemoniis
624 2819 855 2884 deremendam
876 2818 1050 2883 traderent.

271 2929 374 3009 Quam
396 2928 607 2995 condicionem
633 2945 731 3007 quum
760 2926 805 2991 illi
836 2927 1036 3008 accepissent,
1070 2925 1165 2992 Solon
1188 2926 1285 2993 Lace·

187 3040 361 3107 daemoniis
382 3037 596 3121 compluribus
618 3037 721 3102 causis
736 3037 760 3116 ¹)
795 3035 1024 3103 demonstravit
1043 3036 1179 3103 insulam
1206 3035 1285 3100 anti·

206 3286 209 3293 ¹
259 3270 286 3338 1)
305 3267 351 3322 Ex
370 3266 481 3322 Solonis
500 3266 591 3322 causis
612 3266 697 3320 etiam
715 3282 749 3320 ea
778 3268 848 3331 erat,
877 3265 952 3334 quod
976 3263 1113 3318 cadevera
1139 3264 1170 3317 in
1195 3263 1286 3318 insula

187 3383 244 3422 non
260 3365 476 3435 Megarensium,
496 3363 546 3417 sed
564 3362 776 3417 Atheniensium
794 3378 873 3415 more
890 3361 1004 3414 humata
1021 3364 1123 3415 essent
1141 3359 1285 3430 Megaren-

188 3480 232 3519 ses
250 3462 325 3518 enim
343 3460 449 3515 mortui
475 3460 562 3516 oculis
591 3459 659 3529 (nori
686 3459 787 3528 capite,
813 3463 846 3512 ut
865 3458 895 3513 (l.
914 3459 946 3514 0.
966 3457 1104 3511 Miillerus
1131 3456 1243 3527 (Dorier
1260 3456 1286 3509 11

187 3579 215 3631 p.
226 3560 289 3629 391)
307 3557 357 3628 ait)
375 3557 412 3611 ad
430 3558 576 3625 orientem,
606 3556 791 3613 Athenienses
820 3556 856 3610 ad
883 3555 1057 3611 occidentem
1081 3555 1168 3609 solem
1195 3553 1286 3608 versis

188 3655 407 3726 sepeliebantur.
430 3655 510 3722 Quod
527 3657 706 3727 impugnasse
724 3656 880 3720 Heream,
899 3655 1092 3726 Megarensem
1112 3655 1286 3723 scriptorem,

187 3752 355 3808 Plutarchus
373 3755 442 3809 c.10
459 3757 563 3808 narrat.
597 3752 650 3808 Hic
669 3754 793 3808 incertae
812 3753 912 3809 aetatis
931 3755 1030 3808 auctor
1047 3752 1151 3807 librom
1171 3768 1284 3821 compo·

188 3850 276 3904 ruisse
293 3849 408 3904 videtur
430 3844 578 3921 Μεγαρικά
598 3850 765 3921 inscriptum
784 3851 829 3920 (cf.
847 3851 958 3905 Mulleri
978 3850 1090 3921 Fragm.
1107 3849 1179 3903 Hist.
1191 3848 1237 3904 Gr.
1247 3833 1286 3901 lV

189 3964 217 4016 p.
227 3947 300 4015 426).
319 3945 487 4000 Plutarchus
506 3964 569 4001 aum
587 3947 672 4001 etiam
691 3948 720 4002 in
737 3948 838 4002 Thesei
857 3949 931 4002 vitae
949 3964 972 4002 c.
984 3950 1018 4001 20
1037 3951 1066 4000 et
1083 3948 1117 3999 32
1138 3947 1214 4001 citat.
1234 3945 1285 3998 Po·

189 4042 309 4098 stariore
327 4045 420 4098 autem
446 4044 508 4099 loco
526 4043 694 4100 Plutarchus
713 4045 782 4100 dicit
828 4045 947 4099 Heream
975 4044 1010 4099 de
1036 4043 1163 4098 versibus
1182 4061 1199 4097 a
1216 4041 1286 4096 Pisi·

193 4139 283 4193 strato
303 4138 332 4192 ln
350 4135 464 4193 Homeri
484 4140 608 4196 carmina
625 4139 710 4195 illatis
730 4142 828 4211 egisse.
847 4143 943 4211 ltaque
961 4139 1288 4196 sinedubiosumendurn
