2892 4675
745 194 784 257 32

217 365 385 452 praecipue
407 385 427 431 a
446 364 618 433 Plutarcho
652 364 826 430 adhibitum
849 382 926 429 esse.
975 366 1026 434 Ex
1056 385 1118 449 quo
1141 371 1325 454 Heraclidis

219 475 299 540 libro
323 494 361 544 ea
380 480 488 558 sumta
509 476 581 560 sint,
605 492 687 556 quac
702 472 894 540 Plutarchus
918 492 943 538 c.
958 478 983 555 l,
1008 481 1055 558 22,
1080 482 1129 559 31,
1154 485 1192 546 32
1214 477 1321 562 affert,

217 584 347 674 dubium
367 589 444 666 est.¹
475 583 645 664 Aptissima
678 570 844 647 conieceris
872 584 1022 648 nonnulla
1056 590 1095 665 (c.
1119 593 1168 670 22,
1193 567 1322 680 allex

216 685 297 758 libro
317 690 398 775 περὶ
418 685 529 774 νόμων
550 690 683 755 adierim
702 692 865 774 στγγενιῦι
884 685 1014 769 τούτοις
1034 693 1221 786 deprompta
1239 716 1321 777 esse,

215 799 270 876 sed
283 802 371 878 ⁴talia
393 801 518 882 singula
538 790 634 865 etiam
658 802 689 864 in
710 800 799 865 libris
810 801 986 867 Heraclidis
999 802 1049 884 ⁴ad
1070 805 1224 897 muralem
1246 805 1320 886 phi-

215 890 391 992 losophiam
413 908 641 1004 ¹spectantibus
660 914 906 975 commemorata
938 928 1005 975 esse
1026 917 1166 993 possunt,
1189 915 1242 992 qui
1262 893 1320 979 eu·

216 1019 328 1099 amplis
349 1037 389 1083 ex
412 1018 545 1084 historia
564 1019 673 1104 petitis
696 1020 806 1086 referti
834 1025 936 1110 erant.¹
979 1022 1132 1088 Locorum
1155 1041 1230 1088 vero
1252 1025 1319 1106 pri·

215 1144 285 1191 mus
306 1131 402 1208 atque
421 1131 599 1218 postremus
628 1128 714 1209 digni
736 1133 819 1207 sunt,
843 1128 882 1193 de
911 1130 1025 1210 quihus
1040 1130 1150 1212 paucis
1175 1132 1318 1214 dispute-

214 1249 296 1302 mus.
328 1255 352 1301 c.
379 1240 393 1299 l
434 1235 515 1300 enim
541 1236 732 1324 Plutarchus
757 1239 815 1301 air:
854 1231 919 1321 Τήν
948 1237 984 1303 δὲ
1015 1237 1138 1323 μητέρα
1170 1241 1230 1304 τσῦ
1242 1234 1318 1330 γΣό-

214 1343 319 1434 iaaac
343 1337 556 1428 Ἡρακλείδης
585 1338 603 1408 ὁ
636 1340 802 1422 Ποντικὸς
835 1340 960 1427 ἱστορεῖ
988 1348 1045 1431 τῆς
1074 1343 1318 1438 Πεισιστράτου

213 1447 336 1537 μητρὸς
363 1444 502 1537 ἀνεψιὰν
537 1450 699 1537 γενέσθαι.
759 1453 810 1519 Ad
844 1456 922 1520 haec
937 1455 1034 1520 verba
1053 1456 1318 1524 Westermannus

213 1561 245 1626 in
271 1562 495 1654 commentario
518 1567 650 1626 annotat
672 1560 724 1640 (cf.
737 1562 823 1626 Gorr,
847 1567 880 1628 et
897 1563 979 1627 Add.
1001 1583 1033 1645 p.
1046 1570 1085 1628 95
1107 1565 1211 1648 Pauly
1220 1567 1313 1632 Roai-

215 1687 281 1735 enc.
306 1689 331 1734 s.
362 1649 391 1734 νζ
413 1670 616 1747 Pisistratus)
639 1670 837 1758 Heraclidem
858 1669 926 1734 lalli
949 1670 1103 1738 dicentem
1126 1672 1247 1740 Solonis
1278 1681 1311 1738 et
1421 1683 1422 1754 ζ

213 1778 377 1856 Pisistrati
400 1781 520 1844 matres
545 1777 744 1843 consobrinas
758 1777 862 1856 inisse,
886 1797 983 1858 quum
1005 1784 1157 1861 temporis
1177 1783 1309 1847 rationes
1421 1787 1422 1860 l

213 1885 245 1950 id
266 1901 328 1948 non
354 1884 535 1953 admittant.
559 1887 602 1951 At
624 1891 661 1950 ut
682 1891 766 1951 recte
788 1904 821 1950 se
842 1886 960 1952 habeat
982 1887 1060 1954 hacc
1082 1908 1186 1971 causa,
1205 1896 1312 1955 tamen

213 1993 399 2059 vocabulum
424 1983 567 2078 α’νιψιὰν
587 2012 681 2060 sensu
693 1996 806 2060 latiore
819 1994 858 2062 de
871 1996 982 2075 quovis
996 1999 1189 2079 cognationis
1209 1998 1312 2079 gradu
1346 2009 1350 2015 ’

216 2081 358 2184 accipere
380 2102 461 2180 licet,
487 2121 549 2183 quo
564 2095 755 2167 Plutarchus
777 2104 843 2184 ipsc
864 2107 1033 2186 usurpavit
1043 2107 1095 2170 vit.
1109 2105 1196 2168 Alea.
1219 2123 1244 2168 c.
1258 2109 1309 2168 55.

211 2207 275 2290 Sed
297 2225 356 2289 ego
381 2225 507 2289 quoque
534 2210 753 2289 dubitaverim,
776 2230 850 2275 num
863 2212 1049 2277 Heraclidae
1068 2210 1144 2275 fides
1163 2208 1309 2274 habenda

211 2317 262 2395 sit.
291 2317 373 2382 Nam
396 2335 494 2400 quum
517 2323 628 2400 postea
650 2336 763 2384 causas
785 2327 982 2402 quaererent,
1006 2320 1115 2403 quibus
1138 2324 1310 2386 commotus

212 2426 398 2501 Pisistratus
414 2427 561 2493 comitate
573 2432 669 2508 atque
680 2428 897 2495 familiaritate
914 2431 945 2493 in
956 2430 1102 2495 Solonem
1123 2448 1199 2494 usus
1218 2434 1309 2507 esset,

211 2533 304 2600 facile
325 2536 408 2600 inter
430 2536 508 2601 alias
532 2536 585 2620 (de
606 2555 714 2603 amore
736 2556 871 2603 venereo
893 2558 989 2618 supra
1011 2539 1145 2621 egimus)
1169 2539 1309 2619 cognatio

210 2642 288 2726 fingi
309 2645 423 2726 potuit.
468 2645 549 2725 Quia
569 2664 642 2710 vero
660 2645 806 2711 Laertius
828 2646 985 2727 Diogenes
1004 2645 1027 2722 l,
1050 2652 1090 2710 49
1113 2647 1208 2712 dicit:
1231 2652 1308 2712 Πει-

210 2750 384 2835 σίστρατον
410 2747 469 2816 τὸν
495 2754 627 2836 συγγενῆ
665 2748 755 2815 καθά
776 2774 857 2838 φησι
880 2747 1097 2838 Σωσικράτης,
1129 2759 1308 2837 putaverim

211 2861 418 2947 Plutarchum
442 2878 482 2926 ex
506 2862 614 2925 eodem
638 2860 875 2927 acSosicratem
898 2860 984 2926 fonte
1003 2863 1156 2945 hausisse,
1179 2867 1309 2932 exHer·

210 2950 326 3052 rnippo.
369 2969 533 3034 Postremo
557 2975 662 3035 autem
687 2971 789 3052 capite
807 2972 1000 3037 Plutarchus
1022 2972 1084 3039 duo
1108 2975 1190 3040 inter
1212 2994 1246 3040 se
1265 2975 1309 3040 di·

164 3140 167 3144 .
214 3097 305 3144 versa
327 3079 366 3144 de
389 3082 541 3160 tempore,
562 3081 740 3172 quoSolon
762 3087 908 3147 mortuus
930 3082 982 3163 sit,
1005 3064 1185 3149 testimonia
1206 3083 1307 3148 affert.

208 3172 392 3255 Heraclides
423 3189 506 3257 enim
528 3190 679 3257 Ponticus
706 3210 777 3256 eum
805 3192 905 3255 multo
929 3197 1001 3273 post
1019 3192 1178 3258 Pisistrati
1201 3197 1306 3274 tyran·

210 3298 289 3363 nidis
310 3294 434 3379 initium
467 3297 668 3382 superstitem
701 3300 798 3366 fuisse
834 3303 997 3382 narravit,
1031 3281 1169 3368 Phanias
1199 3305 1304 3364 autem

210 3384 339 3472 Erosius
369 3425 441 3472 eurn
469 3407 661 3490 Hegestrato
696 3409 847 3474 archonte
880 3415 1041 3476 mortuum
1069 3428 1136 3474 esse
1165 3403 1301 3482 tradidit,

210 3518 265 3599 qui·
282 3516 313 3580 in
329 3516 455 3609 (lamiae
488 3517 591 3583 locurn
625 3520 833 3599 successisset,
862 3537 923 3601 quo
947 3521 1095 3586 archonte
1116 3512 1302 3583 Pisistratus

209 3631 363 3708 tyrannus
383 3624 487 3692 iactus
503 3633 594 3691 esset.
644 3628 716 3694 Sine
738 3627 833 3694 duhio
857 3635 1004 3721 accurato
1019 3638 1021 3647 ’
1034 3626 1175 3691 Phaniae
1203 3616 1305 3690 Eresii

209 3722 397 3815 tastimonio,
424 3736 477 3815 qui
499 3753 518 3799 a
538 3735 708 3802 Plutarcho
732 3737 882 3803 Themist.
907 3758 931 3803 c.
951 3743 988 3802 13
1019 3727 1098 3824 ἀνὴρ
1121 3727 1305 3827 φιλόσοφός

209 3830 470 3928 καὶγρσιμμᾶτωτ
492 3832 665 3928 lotapatae
685 3837 748 3925 οὐκ
768 3836 905 3929 ἄπειρος
926 3853 1068 3928 vocatur,
1092 3848 1192 3933 magis
1214 3842 1304 3910 confi·

157 3992 159 3999 ‹
209 3950 346 4017 dendum
378 3958 427 4019 est
450 3972 545 4034 quam
566 3954 743 4019 Heraclidis
764 3955 886 4020 Pontici
913 3956 1029 4035 uerbis,
1061 3954 1159 4043 quem
1177 3955 1305 4019 Plutar-

210 4062 288 4127 chus
311 4060 397 4127 Cam.
426 4068 465 4128 22
488 4058 649 4150 μσθώδηι
669 4063 723 4128 καὶ
744 4063 951 4146 πλασματίαν
971 4065 1122 4145 appellat.
1194 4106 1196 4111 ·
