<?xml version="1.0" encoding="UTF-8"?>
<!DOCTYPE html PUBLIC "-//W3C//DTD XHTML 1.0 Transitional//EN"
    "http://www.w3.org/TR/xhtml1/DTD/xhtml1-transitional.dtd">
<html xmlns="http://www.w3.org/1999/xhtml" xml:lang="en" lang="en">
 <head>
  <title>
</title>
<meta http-equiv="Content-Type" content="text/html;charset=utf-8" />
  <meta name='ocr-system' content='tesseract 3.04.00' />
  <meta name='ocr-capabilities' content='ocr_page ocr_carea ocr_par ocr_line ocrx_word'/>
</head>
<body>
  <div class='ocr_page' id='page_1' title='image "./desolonisplutar00pringoog_0013.png"; bbox 0 0 2892 4675; ppageno 0'>
   <div class='ocr_carea' id='block_1_1' title="bbox 553 181 729 274">
    <p class='ocr_par' dir='ltr' id='par_1_1' title="bbox 553 181 729 274">
     <span class='ocr_line' id='line_1_1' title="bbox 553 181 729 274; baseline -0.006 -80"><span class='ocrx_word' id='word_1_1' title='bbox 553 181 729 274; x_wconf 18' lang='lat' dir='ltr'>*a*</span> 
     </span>
    </p>
   </div>
   <div class='ocr_carea' id='block_1_2' title="bbox 156 389 1260 1012">
    <p class='ocr_par' dir='ltr' id='par_1_2' title="bbox 156 389 1260 1012">
     <span class='ocr_line' id='line_1_2' title="bbox 237 389 1258 466; baseline -0.008 0"><span class='ocrx_word' id='word_1_2' title='bbox 237 399 387 466; x_wconf 86' lang='lat' dir='ltr'>Ceterum</span> <span class='ocrx_word' id='word_1_3' title='bbox 405 398 467 463; x_wconf 50' lang='lat' dir='ltr'>hic*</span> <span class='ocrx_word' id='word_1_4' title='bbox 486 396 518 462; x_wconf 93' lang='lat' dir='ltr'>in</span> <span class='ocrx_word' id='word_1_5' title='bbox 539 399 726 459; x_wconf 89' lang='lat' dir='ltr'>transcursu</span> <span class='ocrx_word' id='word_1_6' title='bbox 747 393 846 458; x_wconf 91' lang='lat' dir='ltr'>etiam</span> <span class='ocrx_word' id='word_1_7' title='bbox 878 389 998 457; x_wconf 87' lang='lat' dir='ltr'>miram</span> <span class='ocrx_word' id='word_1_8' title='bbox 1023 391 1258 458; x_wconf 88' lang='lat' dir='ltr'>Westermanni</span> 
     </span>
     <span class='ocr_line' id='line_1_3' title="bbox 158 501 1258 584; baseline -0.01 -6"><span class='ocrx_word' id='word_1_9' title='bbox 158 510 348 579; x_wconf 90' lang='lat' dir='ltr'>sententiam</span> <span class='ocrx_word' id='word_1_10' title='bbox 369 523 547 572; x_wconf 90' lang='lat' dir='ltr'>memorare</span> <span class='ocrx_word' id='word_1_11' title='bbox 567 503 662 584; x_wconf 90' lang='lat' dir='ltr'>libet,</span> <span class='ocrx_word' id='word_1_12' title='bbox 685 520 782 582; x_wconf 89' lang='lat' dir='ltr'>quam</span> <span class='ocrx_word' id='word_1_13' title='bbox 809 504 843 567; x_wconf 92' lang='lat' dir='ltr'>in</span> <span class='ocrx_word' id='word_1_14' title='bbox 863 502 911 567; x_wconf 91' lang='lat' dir='ltr'>Pa</span> <span class='ocrx_word' id='word_1_15' title='bbox 919 503 986 584; x_wconf 90' lang='lat' dir='ltr'>ulyi</span> <span class='ocrx_word' id='word_1_16' title='bbox 1014 501 1102 584; x_wconf 89' lang='lat' dir='ltr'>libro,</span> <span class='ocrx_word' id='word_1_17' title='bbox 1131 503 1185 584; x_wconf 89' lang='lat' dir='ltr'>qui</span> <span class='ocrx_word' id='word_1_18' title='bbox 1212 504 1258 568; x_wconf 92' lang='lat' dir='ltr'>in·</span> 
     </span>
     <span class='ocr_line' id='line_1_4' title="bbox 156 606 1259 695; baseline -0.009 -8"><span class='ocrx_word' id='word_1_19' title='bbox 156 620 303 687; x_wconf 76' lang='lat' dir='ltr'>scribitur</span> <span class='ocrx_word' id='word_1_20' title='bbox 333 611 669 695; x_wconf 85' lang='lat' dir='ltr'>Realencyclopaedie,</span> <span class='ocrx_word' id='word_1_21' title='bbox 702 631 727 678; x_wconf 93' lang='lat' dir='ltr'>s.</span> <span class='ocrx_word' id='word_1_22' title='bbox 750 632 796 684; x_wconf 61' lang='lat' dir='ltr'>u„</span> <span class='ocrx_word' id='word_1_23' title='bbox 811 610 907 677; x_wconf 86' lang='lat' dir='ltr'>Solon</span> <span class='ocrx_word' id='word_1_24' title='bbox 943 606 1117 692; x_wconf 74' lang='lat' dir='ltr'>proposuit.</span> <span class='ocrx_word' id='word_1_25' title='bbox 1159 612 1259 679; x_wconf 82' lang='lat' dir='ltr'><strong>Putat</strong></span> 
     </span>
     <span class='ocr_line' id='line_1_5' title="bbox 158 720 1258 803; baseline -0.006 -9"><span class='ocrx_word' id='word_1_26' title='bbox 158 730 252 794; x_wconf 88' lang='lat' dir='ltr'>em&#39;m</span> <span class='ocrx_word' id='word_1_27' title='bbox 265 725 413 792; x_wconf 87' lang='lat' dir='ltr'>Solonem</span> <span class='ocrx_word' id='word_1_28' title='bbox 437 722 571 803; x_wconf 83' lang='lat' dir='ltr'>elegiam</span> <span class='ocrx_word' id='word_1_29' title='bbox 592 726 752 800; x_wconf 86' lang='lat' dir='ltr'>cantasse,</span> <span class='ocrx_word' id='word_1_30' title='bbox 775 738 873 800; x_wconf 87' lang='lat' dir='ltr'>quum</span> <span class='ocrx_word' id='word_1_31' title='bbox 895 720 1119 788; x_wconf 84' lang='lat' dir='ltr'>conticuisset</span> <span class='ocrx_word' id='word_1_32' title='bbox 1142 721 1182 786; x_wconf 90' lang='lat' dir='ltr'>de</span> <span class='ocrx_word' id='word_1_33' title='bbox 1202 721 1258 788; x_wconf 86' lang='lat' dir='ltr'>Sa·</span> 
     </span>
     <span class='ocr_line' id='line_1_6' title="bbox 157 829 1260 914; baseline -0.005 -11"><span class='ocrx_word' id='word_1_34' title='bbox 157 837 283 903; x_wconf 92' lang='lat' dir='ltr'>lamine</span> <span class='ocrx_word' id='word_1_35' title='bbox 304 831 522 914; x_wconf 88' lang='lat' dir='ltr'>recuperanda</span> <span class='ocrx_word' id='word_1_36' title='bbox 543 830 679 911; x_wconf 76' lang='lat' dir='ltr'>referre,</span> <span class='ocrx_word' id='word_1_37' title='bbox 711 847 815 911; x_wconf 89' lang='lat' dir='ltr'>neque</span> <span class='ocrx_word' id='word_1_38' title='bbox 842 829 966 895; x_wconf 82' lang='lat' dir='ltr'>omnim</span> <span class='ocrx_word' id='word_1_39' title='bbox 994 829 1100 912; x_wconf 89' lang='lat' dir='ltr'>loqui,</span> <span class='ocrx_word' id='word_1_40' title='bbox 1131 835 1260 898; x_wconf 89' lang='lat' dir='ltr'>cantare</span> 
     </span>
     <span class='ocr_line' id='line_1_7' title="bbox 163 940 606 1012; baseline -0.018 1"><span class='ocrx_word' id='word_1_41' title='bbox 163 952 276 1012; x_wconf 89' lang='lat' dir='ltr'>autem</span> <span class='ocrx_word' id='word_1_42' title='bbox 300 961 340 1008; x_wconf 89' lang='lat' dir='ltr'>ea</span> <span class='ocrx_word' id='word_1_43' title='bbox 360 941 400 1005; x_wconf 91' lang='lat' dir='ltr'>de</span> <span class='ocrx_word' id='word_1_44' title='bbox 420 959 455 1005; x_wconf 92' lang='lat' dir='ltr'>re</span> <span class='ocrx_word' id='word_1_45' title='bbox 475 940 606 1006; x_wconf 89' lang='lat' dir='ltr'>licuisse.</span> 
     </span>
    </p>
   </div>
   <div class='ocr_carea' id='block_1_3' title="bbox 157 1065 1261 1696">
    <p class='ocr_par' dir='ltr' id='par_1_3' title="bbox 157 1065 1261 1696">
     <span class='ocr_line' id='line_1_8' title="bbox 242 1065 1260 1149; baseline -0.002 -16"><span class='ocrx_word' id='word_1_46' title='bbox 242 1069 314 1134; x_wconf 90' lang='lat' dir='ltr'>Una</span> <span class='ocrx_word' id='word_1_47' title='bbox 335 1077 409 1133; x_wconf 83' lang='lat' dir='ltr'>uero</span> <span class='ocrx_word' id='word_1_48' title='bbox 431 1084 480 1132; x_wconf 88' lang='lat' dir='ltr'>rea</span> <span class='ocrx_word' id='word_1_49' title='bbox 499 1084 518 1128; x_wconf 94' lang='lat' dir='ltr'>a</span> <span class='ocrx_word' id='word_1_50' title='bbox 535 1065 708 1132; x_wconf 77' lang='lat' dir='ltr'>Plutarcho</span> <span class='ocrx_word' id='word_1_51' title='bbox 732 1069 979 1131; x_wconf 89' lang='lat' dir='ltr'>commemorata</span> <span class='ocrx_word' id='word_1_52' title='bbox 1003 1065 1037 1129; x_wconf 94' lang='grc'>16</span> <span class='ocrx_word' id='word_1_53' title='bbox 1062 1066 1122 1131; x_wconf 91' lang='lat' dir='ltr'>hac</span> <span class='ocrx_word' id='word_1_54' title='bbox 1143 1065 1260 1149; x_wconf 86' lang='lat' dir='ltr'>discep-</span> 
     </span>
     <span class='ocr_line' id='line_1_9' title="bbox 159 1174 1261 1256; baseline -0.003 -12"><span class='ocrx_word' id='word_1_55' title='bbox 159 1180 278 1244; x_wconf 80' lang='lat' dir='ltr'>tatione</span> <span class='ocrx_word' id='word_1_56' title='bbox 297 1175 494 1243; x_wconf 89' lang='lat' dir='ltr'>diiudicanda</span> <span class='ocrx_word' id='word_1_57' title='bbox 515 1178 652 1242; x_wconf 86' lang='lat' dir='ltr'>maxime</span> <span class='ocrx_word' id='word_1_58' title='bbox 673 1174 867 1256; x_wconf 87' lang='lat' dir='ltr'>respicienda</span> <span class='ocrx_word' id='word_1_59' title='bbox 897 1174 973 1239; x_wconf 92' lang='lat' dir='ltr'>mihi</span> <span class='ocrx_word' id='word_1_60' title='bbox 1011 1175 1155 1256; x_wconf 87' lang='lat' dir='ltr'>videtur,</span> <span class='ocrx_word' id='word_1_61' title='bbox 1179 1193 1261 1255; x_wconf 88' lang='lat' dir='ltr'>quae</span> 
     </span>
     <span class='ocr_line' id='line_1_10' title="bbox 158 1283 1257 1369; baseline -0.003 -17"><span class='ocrx_word' id='word_1_62' title='bbox 158 1306 178 1352; x_wconf 89' lang='lat' dir='ltr'>a</span> <span class='ocrx_word' id='word_1_63' title='bbox 218 1286 379 1369; x_wconf 91' lang='lat' dir='ltr'>plerisque</span> <span class='ocrx_word' id='word_1_64' title='bbox 421 1285 602 1366; x_wconf 80' lang='lat' dir='ltr'>negligitur.</span> <span class='ocrx_word' id='word_1_65' title='bbox 668 1284 860 1349; x_wconf 78' lang='lat' dir='ltr'>Plutarchus</span> <span class='ocrx_word' id='word_1_66' title='bbox 904 1284 987 1348; x_wconf 91' lang='lat' dir='ltr'>enirn</span> <span class='ocrx_word' id='word_1_67' title='bbox 1028 1283 1116 1350; x_wconf 88' lang='lat' dir='ltr'>addit</span> <span class='ocrx_word' id='word_1_68' title='bbox 1159 1285 1257 1350; x_wconf 80' lang='lat' dir='ltr'>verba</span> 
     </span>
     <span class='ocr_line' id='line_1_11' title="bbox 157 1391 1256 1475; baseline 0 -16"><span class='ocrx_word' id='word_1_69' title='bbox 157 1393 348 1461; x_wconf 78' lang='grc' dir='ltr'><strong><em>πιλίδιον</em></strong></span> <span class='ocrx_word' id='word_1_70' title='bbox 369 1394 427 1475; x_wconf 88' lang='grc'><strong>(116</strong></span> <span class='ocrx_word' id='word_1_71' title='bbox 452 1394 534 1458; x_wconf 86' lang='grc'><strong>66116</strong></span> <span class='ocrx_word' id='word_1_72' title='bbox 556 1394 701 1475; x_wconf 83' lang='lat' dir='ltr'>Bryanus</span> <span class='ocrx_word' id='word_1_73' title='bbox 720 1394 931 1475; x_wconf 91' lang='lat' dir='ltr'>plurimorum</span> <span class='ocrx_word' id='word_1_74' title='bbox 954 1391 1096 1459; x_wconf 90' lang='lat' dir='ltr'>codicum</span> <span class='ocrx_word' id='word_1_75' title='bbox 1118 1394 1256 1475; x_wconf 89' lang='lat' dir='ltr'>scriptu·</span> 
     </span>
     <span class='ocr_line' id='line_1_12' title="bbox 159 1500 1260 1596; baseline -0.001 -27"><span class='ocrx_word' id='word_1_76' title='bbox 159 1523 229 1569; x_wconf 93' lang='lat' dir='ltr'>ram</span> <span class='ocrx_word' id='word_1_77' title='bbox 252 1500 409 1596; x_wconf 72' lang='grc' dir='ltr'><strong><em>πλινθίον</em></strong></span> <span class='ocrx_word' id='word_1_78' title='bbox 430 1503 567 1568; x_wconf 90' lang='lat' dir='ltr'>correxit</span> <span class='ocrx_word' id='word_1_79' title='bbox 593 1502 756 1569; x_wconf 89' lang='lat' dir='ltr'>Demosth.</span> <span class='ocrx_word' id='word_1_80' title='bbox 779 1503 809 1567; x_wconf 93' lang='lat' dir='ltr'>d.</span> <span class='ocrx_word' id='word_1_81' title='bbox 832 1502 902 1569; x_wconf 85' lang='lat' dir='ltr'>sals.</span> <span class='ocrx_word' id='word_1_82' title='bbox 926 1503 985 1584; x_wconf 83' lang='lat' dir='ltr'>leg.</span> <span class='ocrx_word' id='word_1_83' title='bbox 1007 1523 1039 1585; x_wconf 91' lang='lat' dir='ltr'>p.</span> <span class='ocrx_word' id='word_1_84' title='bbox 1063 1508 1122 1568; x_wconf 83' lang='lat'>421</span> <span class='ocrx_word' id='word_1_85' title='bbox 1153 1504 1171 1587; x_wconf 60' lang='grc' dir='ltr'>ὅ</span> <span class='ocrx_word' id='word_1_86' title='bbox 1199 1508 1260 1569; x_wconf 81' lang='grc'>255</span> 
     </span>
     <span class='ocr_line' id='line_1_13' title="bbox 161 1609 1261 1696; baseline -0.001 -17"><span class='ocrx_word' id='word_1_87' title='bbox 161 1612 302 1696; x_wconf 80' lang='lat' dir='ltr'>secutus)</span> <span class='ocrx_word' id='word_1_88' title='bbox 323 1609 620 1695; x_wconf 72' lang='grc' dir='ltr'><strong><em>περιθέμενος.</em></strong></span> <span class='ocrx_word' id='word_1_89' title='bbox 664 1611 759 1677; x_wconf 85' lang='lat' dir='ltr'>Solon</span> <span class='ocrx_word' id='word_1_90' title='bbox 779 1612 878 1692; x_wconf 91' lang='lat' dir='ltr'>igitur</span> <span class='ocrx_word' id='word_1_91' title='bbox 899 1612 995 1692; x_wconf 90' lang='lat' dir='ltr'>capiti</span> <span class='ocrx_word' id='word_1_92' title='bbox 1018 1611 1137 1694; x_wconf 90' lang='lat' dir='ltr'>pileum</span> <span class='ocrx_word' id='word_1_93' title='bbox 1163 1612 1261 1692; x_wconf 90' lang='lat' dir='ltr'>impo-</span> 
     </span>
    </p>
   </div>
   <div class='ocr_carea' id='block_1_4' title="bbox 21 1720 1261 1801">
    <p class='ocr_par' dir='ltr' id='par_1_4' title="bbox 21 1720 1261 1801">
     <span class='ocr_line' id='line_1_14' title="bbox 21 1720 1261 1801; baseline -0.003 -11"><span class='ocrx_word' id='word_1_94' title='bbox 21 1725 24 1732; x_wconf 79' lang='grc'><strong>“</strong></span> <span class='ocrx_word' id='word_1_95' title='bbox 159 1725 231 1790; x_wconf 89' lang='lat' dir='ltr'>suit.</span> <span class='ocrx_word' id='word_1_96' title='bbox 275 1721 344 1799; x_wconf 79' lang='lat' dir='ltr'>Quo</span> <span class='ocrx_word' id='word_1_97' title='bbox 367 1721 492 1790; x_wconf 91' lang='lat' dir='ltr'>consilio</span> <span class='ocrx_word' id='word_1_98' title='bbox 516 1720 575 1787; x_wconf 89' lang='lat' dir='ltr'>hoc</span> <span class='ocrx_word' id='word_1_99' title='bbox 594 1721 714 1801; x_wconf 82' lang='lat' dir='ltr'>fecerit,</span> <span class='ocrx_word' id='word_1_100' title='bbox 739 1721 868 1786; x_wconf 90' lang='lat' dir='ltr'>dubium</span> <span class='ocrx_word' id='word_1_101' title='bbox 891 1726 948 1788; x_wconf 89' lang='lat' dir='ltr'>est.</span> <span class='ocrx_word' id='word_1_102' title='bbox 982 1721 1133 1787; x_wconf 88' lang='lat' dir='ltr'>Nonnulli</span> <span class='ocrx_word' id='word_1_103' title='bbox 1156 1722 1261 1789; x_wconf 86' lang='lat' dir='ltr'>existi·</span> 
     </span>
    </p>
   </div>
   <div class='ocr_carea' id='block_1_5' title="bbox 136 1828 1267 4182">
    <p class='ocr_par' dir='ltr' id='par_1_5' title="bbox 136 1828 1265 3105">
     <span class='ocr_line' id='line_1_15' title="bbox 159 1828 1257 1914; baseline 0 -16"><span class='ocrx_word' id='word_1_104' title='bbox 159 1836 249 1898; x_wconf 91' lang='lat' dir='ltr'>mant</span> <span class='ocrx_word' id='word_1_105' title='bbox 271 1845 311 1895; x_wconf 80' lang='lat' dir='ltr'>ex</span> <span class='ocrx_word' id='word_1_106' title='bbox 328 1831 412 1896; x_wconf 90' lang='lat' dir='ltr'>Plat.</span> <span class='ocrx_word' id='word_1_107' title='bbox 438 1848 504 1911; x_wconf 89' lang='lat' dir='ltr'>rep.</span> <span class='ocrx_word' id='word_1_108' title='bbox 520 1834 579 1910; x_wconf 75' lang='lat' dir='ltr'>dp.</span> <span class='ocrx_word' id='word_1_109' title='bbox 589 1834 651 1894; x_wconf 85' lang='grc'>406</span> <span class='ocrx_word' id='word_1_110' title='bbox 672 1828 711 1910; x_wconf 90' lang='lat' dir='ltr'>D,</span> <span class='ocrx_word' id='word_1_111' title='bbox 735 1847 797 1910; x_wconf 90' lang='lat' dir='ltr'>quo</span> <span class='ocrx_word' id='word_1_112' title='bbox 819 1848 859 1894; x_wconf 94' lang='lat' dir='ltr'>ex</span> <span class='ocrx_word' id='word_1_113' title='bbox 880 1830 950 1896; x_wconf 91' lang='lat' dir='ltr'>loco</span> <span class='ocrx_word' id='word_1_114' title='bbox 971 1828 1119 1894; x_wconf 76' lang='grc' dir='ltr'><strong><em>πιλίδιον</em></strong></span> <span class='ocrx_word' id='word_1_115' title='bbox 1144 1832 1257 1914; x_wconf 90' lang='lat' dir='ltr'>capitis</span> 
     </span>
     <span class='ocr_line' id='line_1_16' title="bbox 160 1937 1263 2023; baseline -0.002 -15"><span class='ocrx_word' id='word_1_116' title='bbox 160 1945 380 2023; x_wconf 87' lang='lat' dir='ltr'>tegumentum</span> <span class='ocrx_word' id='word_1_117' title='bbox 402 1945 605 2021; x_wconf 88' lang='lat' dir='ltr'>aegrotorum</span> <span class='ocrx_word' id='word_1_118' title='bbox 626 1937 723 2004; x_wconf 87' lang='lat' dir='ltr'>fuisse</span> <span class='ocrx_word' id='word_1_119' title='bbox 746 1942 889 2020; x_wconf 84' lang='lat' dir='ltr'>apparet,</span> <span class='ocrx_word' id='word_1_120' title='bbox 913 1956 947 2003; x_wconf 91' lang='lat' dir='ltr'>se</span> <span class='ocrx_word' id='word_1_121' title='bbox 970 1939 1155 2006; x_wconf 88' lang='lat' dir='ltr'>concludere</span> <span class='ocrx_word' id='word_1_122' title='bbox 1170 1958 1263 2022; x_wconf 90' lang='lat' dir='ltr'>posse</span> 
     </span>
     <span class='ocr_line' id='line_1_17' title="bbox 162 2046 1264 2130; baseline -0.004 -13"><span class='ocrx_word' id='word_1_123' title='bbox 162 2050 309 2117; x_wconf 88' lang='lat' dir='ltr'>Solonem</span> <span class='ocrx_word' id='word_1_124' title='bbox 333 2049 523 2117; x_wconf 88' lang='lat' dir='ltr'>dementiam</span> <span class='ocrx_word' id='word_1_125' title='bbox 548 2066 638 2113; x_wconf 91' lang='lat' dir='ltr'>suam</span> <span class='ocrx_word' id='word_1_126' title='bbox 660 2046 837 2130; x_wconf 89' lang='lat' dir='ltr'>significare</span> <span class='ocrx_word' id='word_1_127' title='bbox 856 2048 1010 2129; x_wconf 81' lang='lat' dir='ltr'>voluisse,</span> <span class='ocrx_word' id='word_1_128' title='bbox 1039 2049 1175 2130; x_wconf 81' lang='grc'><strong>661616,</strong></span> <span class='ocrx_word' id='word_1_129' title='bbox 1209 2048 1264 2130; x_wconf 88' lang='lat' dir='ltr'>qui</span> 
     </span>
     <span class='ocr_line' id='line_1_18' title="bbox 160 2156 1263 2239; baseline 0.002 -16"><span class='ocrx_word' id='word_1_130' title='bbox 160 2158 216 2226; x_wconf 93' lang='lat' dir='ltr'>illo</span> <span class='ocrx_word' id='word_1_131' title='bbox 238 2162 343 2224; x_wconf 90' lang='lat' dir='ltr'>tectus</span> <span class='ocrx_word' id='word_1_132' title='bbox 364 2157 395 2221; x_wconf 89' lang='lat' dir='ltr'>in</span> <span class='ocrx_word' id='word_1_133' title='bbox 417 2156 556 2222; x_wconf 92' lang='lat' dir='ltr'>medium</span> <span class='ocrx_word' id='word_1_134' title='bbox 579 2158 773 2239; x_wconf 86' lang='lat' dir='ltr'>procederet,</span> <span class='ocrx_word' id='word_1_135' title='bbox 797 2174 860 2221; x_wconf 93' lang='lat' dir='ltr'>non</span> <span class='ocrx_word' id='word_1_136' title='bbox 873 2156 1027 2238; x_wconf 88' lang='lat' dir='ltr'>potuisset</span> <span class='ocrx_word' id='word_1_137' title='bbox 1048 2175 1111 2223; x_wconf 94' lang='grc'>666</span> <span class='ocrx_word' id='word_1_138' title='bbox 1133 2158 1263 2225; x_wconf 87' lang='lat' dir='ltr'>insanus</span> 
     </span>
     <span class='ocr_line' id='line_1_19' title="bbox 165 2266 614 2339; baseline -0.009 -7"><span class='ocrx_word' id='word_1_139' title='bbox 165 2266 287 2332; x_wconf 86' lang='lat' dir='ltr'>haberi.</span> <span class='ocrx_word' id='word_1_140' title='bbox 607 2319 614 2339; x_wconf 72' lang='grc'>,</span> 
     </span>
     <span class='ocr_line' id='line_1_20' title="bbox 136 2365 1262 2449; baseline 0.002 -17"><span class='ocrx_word' id='word_1_141' title='bbox 136 2406 138 2409; x_wconf 75' lang='grc'><em>·</em></span> <span class='ocrx_word' id='word_1_142' title='bbox 243 2365 309 2432; x_wconf 84' lang='lat' dir='ltr'>Sed</span> <span class='ocrx_word' id='word_1_143' title='bbox 328 2366 403 2431; x_wconf 86' lang='lat' dir='ltr'>talis</span> <span class='ocrx_word' id='word_1_144' title='bbox 423 2367 594 2449; x_wconf 83' lang='lat' dir='ltr'>explicatio</span> <span class='ocrx_word' id='word_1_145' title='bbox 617 2369 693 2434; x_wconf 94' lang='lat' dir='ltr'>mihi</span> <span class='ocrx_word' id='word_1_146' title='bbox 716 2367 809 2433; x_wconf 90' lang='lat' dir='ltr'>nimis</span> <span class='ocrx_word' id='word_1_147' title='bbox 830 2366 1000 2434; x_wconf 88' lang='lat' dir='ltr'>artificiosa</span> <span class='ocrx_word' id='word_1_148' title='bbox 1033 2366 1168 2433; x_wconf 82' lang='lat' dir='ltr'>uidetur.</span> <span class='ocrx_word' id='word_1_149' title='bbox 1210 2368 1262 2434; x_wconf 91' lang='lat' dir='ltr'>Pi·</span> 
     </span>
     <span class='ocr_line' id='line_1_21' title="bbox 163 2474 1261 2558; baseline 0.002 -18"><span class='ocrx_word' id='word_1_150' title='bbox 163 2476 259 2540; x_wconf 91' lang='lat' dir='ltr'>leum·</span> <span class='ocrx_word' id='word_1_151' title='bbox 285 2476 393 2539; x_wconf 88' lang='lat' dir='ltr'>autem</span> <span class='ocrx_word' id='word_1_152' title='bbox 425 2476 663 2556; x_wconf 84' lang='lat' dir='ltr'>peregrinantes</span> <span class='ocrx_word' id='word_1_153' title='bbox 693 2477 850 2558; x_wconf 90' lang='lat' dir='ltr'>incapite</span> <span class='ocrx_word' id='word_1_154' title='bbox 887 2493 997 2557; x_wconf 87' lang='lat' dir='ltr'>gerere</span> <span class='ocrx_word' id='word_1_155' title='bbox 1034 2474 1177 2541; x_wconf 88' lang='lat' dir='ltr'>solebant</span> <span class='ocrx_word' id='word_1_156' title='bbox 1209 2475 1261 2558; x_wconf 87' lang='lat' dir='ltr'>(cf.</span> 
     </span>
     <span class='ocr_line' id='line_1_22' title="bbox 163 2583 1264 2671; baseline -0.002 -19"><span class='ocrx_word' id='word_1_157' title='bbox 163 2584 294 2652; x_wconf 88' lang='lat' dir='ltr'>Beckeri</span> <span class='ocrx_word' id='word_1_158' title='bbox 324 2583 475 2651; x_wconf 80' lang='grc'><strong>0116116116</strong></span> <span class='ocrx_word' id='word_1_159' title='bbox 501 2586 562 2650; x_wconf 85' lang='grc'><strong>161.</strong></span> <span class='ocrx_word' id='word_1_160' title='bbox 585 2586 617 2651; x_wconf 91' lang='grc' dir='ltr'>Π</span> <span class='ocrx_word' id='word_1_161' title='bbox 638 2586 778 2671; x_wconf 70' lang='grc'><strong>6160),</strong></span> <span class='ocrx_word' id='word_1_162' title='bbox 810 2589 920 2668; x_wconf 89' lang='lat' dir='ltr'>itaque</span> <span class='ocrx_word' id='word_1_163' title='bbox 953 2586 1049 2651; x_wconf 90' lang='lat' dir='ltr'>etiam</span> <span class='ocrx_word' id='word_1_164' title='bbox 1082 2584 1177 2650; x_wconf 85' lang='lat' dir='ltr'>Solon</span> <span class='ocrx_word' id='word_1_165' title='bbox 1206 2586 1264 2651; x_wconf 93' lang='lat' dir='ltr'>sibi</span> 
     </span>
     <span class='ocr_line' id='line_1_23' title="bbox 160 2694 1262 2779; baseline 0 -19"><span class='ocrx_word' id='word_1_166' title='bbox 160 2695 259 2760; x_wconf 89' lang='lat' dir='ltr'>talem</span> <span class='ocrx_word' id='word_1_167' title='bbox 280 2694 467 2775; x_wconf 86' lang='lat' dir='ltr'>imposuisse</span> <span class='ocrx_word' id='word_1_168' title='bbox 487 2694 621 2776; x_wconf 86' lang='lat' dir='ltr'>videtur,</span> <span class='ocrx_word' id='word_1_169' title='bbox 636 2702 672 2761; x_wconf 90' lang='grc'>61</span> <span class='ocrx_word' id='word_1_170' title='bbox 682 2699 797 2779; x_wconf 85' lang='lat' dir='ltr'>vulgus</span> <span class='ocrx_word' id='word_1_171' title='bbox 819 2697 963 2764; x_wconf 91' lang='lat' dir='ltr'>crederet</span> <span class='ocrx_word' id='word_1_172' title='bbox 986 2696 1090 2778; x_wconf 90' lang='lat' dir='ltr'>ipsum</span> <span class='ocrx_word' id='word_1_173' title='bbox 1102 2694 1262 2760; x_wconf 87' lang='lat' dir='ltr'>Salamine</span> 
     </span>
     <span class='ocr_line' id='line_1_24' title="bbox 160 2803 1260 2886; baseline 0.001 -18"><span class='ocrx_word' id='word_1_174' title='bbox 160 2803 286 2884; x_wconf 77' lang='lat' dir='ltr'>reveni,</span> <span class='ocrx_word' id='word_1_175' title='bbox 309 2803 381 2877; x_wconf 87' lang='lat' dir='ltr'>(nisi</span> <span class='ocrx_word' id='word_1_176' title='bbox 402 2806 543 2870; x_wconf 88' lang='lat' dir='ltr'>statuere</span> <span class='ocrx_word' id='word_1_177' title='bbox 564 2806 663 2870; x_wconf 88' lang='lat' dir='ltr'>mavis</span> <span class='ocrx_word' id='word_1_178' title='bbox 686 2824 759 2873; x_wconf 91' lang='lat' dir='ltr'>eum</span> <span class='ocrx_word' id='word_1_179' title='bbox 789 2824 825 2871; x_wconf 93' lang='lat' dir='ltr'>re</span> <span class='ocrx_word' id='word_1_180' title='bbox 858 2823 935 2871; x_wconf 90' lang='lat' dir='ltr'>vera</span> <span class='ocrx_word' id='word_1_181' title='bbox 967 2805 1041 2870; x_wconf 89' lang='lat' dir='ltr'>illuc</span> <span class='ocrx_word' id='word_1_182' title='bbox 1078 2803 1260 2886; x_wconf 86' lang='lat' dir='ltr'>proiectum</span> 
     </span>
     <span class='ocr_line' id='line_1_25' title="bbox 163 2911 1265 2995; baseline 0.004 -19"><span class='ocrx_word' id='word_1_183' title='bbox 163 2911 304 2990; x_wconf 85' lang='lat' dir='ltr'>rediisse)</span> <span class='ocrx_word' id='word_1_184' title='bbox 325 2930 423 2993; x_wconf 87' lang='lat' dir='ltr'>quum</span> <span class='ocrx_word' id='word_1_185' title='bbox 442 2913 539 2979; x_wconf 90' lang='lat' dir='ltr'>etiam</span> <span class='ocrx_word' id='word_1_186' title='bbox 559 2914 628 2995; x_wconf 89' lang='lat' dir='ltr'>ipse</span> <span class='ocrx_word' id='word_1_187' title='bbox 649 2915 796 2980; x_wconf 90' lang='lat' dir='ltr'>carminis</span> <span class='ocrx_word' id='word_1_188' title='bbox 816 2914 903 2981; x_wconf 92' lang='lat' dir='ltr'>initio</span> <span class='ocrx_word' id='word_1_189' title='bbox 926 2913 1018 2994; x_wconf 89' lang='lat' dir='ltr'>dicat,</span> <span class='ocrx_word' id='word_1_190' title='bbox 1042 2932 1076 2980; x_wconf 89' lang='lat' dir='ltr'>se</span> <span class='ocrx_word' id='word_1_191' title='bbox 1100 2913 1139 2977; x_wconf 90' lang='lat' dir='ltr'>ab</span> <span class='ocrx_word' id='word_1_192' title='bbox 1160 2913 1265 2980; x_wconf 91' lang='lat' dir='ltr'>insula</span> 
     </span>
     <span class='ocr_line' id='line_1_26' title="bbox 164 3021 668 3105; baseline 0.002 -17"><span class='ocrx_word' id='word_1_193' title='bbox 164 3021 327 3088; x_wconf 87' lang='lat' dir='ltr'>Salamine</span> <span class='ocrx_word' id='word_1_194' title='bbox 348 3042 535 3105; x_wconf 88' lang='lat' dir='ltr'>praeconem</span> <span class='ocrx_word' id='word_1_195' title='bbox 555 3026 668 3091; x_wconf 91' lang='lat' dir='ltr'>redire.</span> 
     </span>
    </p>

    <p class='ocr_par' dir='ltr' id='par_1_6' title="bbox 162 3131 1267 4182">
     <span class='ocr_line' id='line_1_27' title="bbox 246 3131 1262 3213; baseline 0.002 -17"><span class='ocrx_word' id='word_1_196' title='bbox 246 3131 317 3197; x_wconf 91' lang='lat' dir='ltr'>Duo</span> <span class='ocrx_word' id='word_1_197' title='bbox 339 3134 402 3198; x_wconf 91' lang='lat' dir='ltr'>alia</span> <span class='ocrx_word' id='word_1_198' title='bbox 421 3134 554 3200; x_wconf 89' lang='lat' dir='ltr'>disticha</span> <span class='ocrx_word' id='word_1_199' title='bbox 579 3152 615 3198; x_wconf 91' lang='lat' dir='ltr'>ac</span> <span class='ocrx_word' id='word_1_200' title='bbox 637 3131 732 3198; x_wconf 88' lang='lat' dir='ltr'>finem</span> <span class='ocrx_word' id='word_1_201' title='bbox 756 3132 875 3213; x_wconf 87' lang='lat' dir='ltr'>elegiae</span> <span class='ocrx_word' id='word_1_202' title='bbox 897 3132 1044 3199; x_wconf 88' lang='lat' dir='ltr'>Laertius</span> <span class='ocrx_word' id='word_1_203' title='bbox 1058 3132 1215 3213; x_wconf 87' lang='lat' dir='ltr'>Diogenes</span> <span class='ocrx_word' id='word_1_204' title='bbox 1236 3135 1262 3213; x_wconf 91' lang='lat'>1,</span> 
     </span>
     <span class='ocr_line' id='line_1_28' title="bbox 166 3241 1262 3323; baseline 0.001 -17"><span class='ocrx_word' id='word_1_205' title='bbox 166 3244 205 3306; x_wconf 84' lang='grc'>47</span> <span class='ocrx_word' id='word_1_206' title='bbox 228 3244 372 3308; x_wconf 80' lang='lat' dir='ltr'>servavit.</span> <span class='ocrx_word' id='word_1_207' title='bbox 393 3244 461 3309; x_wconf 91' lang='lat' dir='ltr'>Hoc</span> <span class='ocrx_word' id='word_1_208' title='bbox 484 3245 622 3311; x_wconf 89' lang='lat' dir='ltr'>carmine</span> <span class='ocrx_word' id='word_1_209' title='bbox 644 3244 740 3311; x_wconf 79' lang='lat' dir='ltr'>Solon</span> <span class='ocrx_word' id='word_1_210' title='bbox 763 3244 971 3309; x_wconf 86' lang='lat' dir='ltr'>Athenienses</span> <span class='ocrx_word' id='word_1_211' title='bbox 988 3243 1034 3308; x_wconf 90' lang='lat' dir='ltr'>ita</span> <span class='ocrx_word' id='word_1_212' title='bbox 1045 3241 1262 3323; x_wconf 87' lang='lat' dir='ltr'>inflammavit,</span> 
     </span>
     <span class='ocr_line' id='line_1_29' title="bbox 164 3351 1264 3436; baseline 0.001 -21"><span class='ocrx_word' id='word_1_213' title='bbox 164 3352 326 3416; x_wconf 88' lang='lat' dir='ltr'>utstatim</span> <span class='ocrx_word' id='word_1_214' title='bbox 350 3351 540 3420; x_wconf 88' lang='lat' dir='ltr'>Salaminem</span> <span class='ocrx_word' id='word_1_215' title='bbox 563 3372 751 3436; x_wconf 84' lang='lat' dir='ltr'>recuperare</span> <span class='ocrx_word' id='word_1_216' title='bbox 773 3353 1008 3432; x_wconf 89' lang='lat' dir='ltr'>coustituerent,</span> <span class='ocrx_word' id='word_1_217' title='bbox 1032 3353 1116 3433; x_wconf 87' lang='lat' dir='ltr'>quod</span> <span class='ocrx_word' id='word_1_218' title='bbox 1141 3351 1264 3417; x_wconf 88' lang='lat' dir='ltr'>Solonis</span> 
     </span>
     <span class='ocr_line' id='line_1_30' title="bbox 164 3458 1263 3542; baseline 0.002 -19"><span class='ocrx_word' id='word_1_219' title='bbox 164 3460 235 3524; x_wconf 91' lang='lat' dir='ltr'>dolo</span> <span class='ocrx_word' id='word_1_220' title='bbox 257 3458 402 3525; x_wconf 84' lang='lat' dir='ltr'>effectum</span> <span class='ocrx_word' id='word_1_221' title='bbox 424 3466 481 3526; x_wconf 87' lang='lat' dir='ltr'>est.</span> <span class='ocrx_word' id='word_1_222' title='bbox 527 3461 636 3540; x_wconf 84' lang='lat' dir='ltr'>Qualis</span> <span class='ocrx_word' id='word_1_223' title='bbox 658 3481 733 3529; x_wconf 86' lang='lat' dir='ltr'>vero</span> <span class='ocrx_word' id='word_1_224' title='bbox 757 3462 845 3527; x_wconf 92' lang='lat' dir='ltr'>dolus</span> <span class='ocrx_word' id='word_1_225' title='bbox 858 3462 978 3541; x_wconf 85' lang='lat' dir='ltr'>fuisset,</span> <span class='ocrx_word' id='word_1_226' title='bbox 1000 3478 1064 3526; x_wconf 93' lang='lat' dir='ltr'>non</span> <span class='ocrx_word' id='word_1_227' title='bbox 1087 3460 1263 3542; x_wconf 87' lang='lat' dir='ltr'>constabat,</span> 
     </span>
     <span class='ocr_line' id='line_1_31' title="bbox 162 3569 1259 3654; baseline 0.001 -22"><span class='ocrx_word' id='word_1_228' title='bbox 162 3572 199 3633; x_wconf 89' lang='lat' dir='ltr'>ut</span> <span class='ocrx_word' id='word_1_229' title='bbox 221 3569 415 3635; x_wconf 87' lang='lat' dir='ltr'>Plutarchus</span> <span class='ocrx_word' id='word_1_230' title='bbox 437 3588 462 3634; x_wconf 90' lang='lat' dir='ltr'>c.</span> <span class='ocrx_word' id='word_1_231' title='bbox 484 3575 503 3634; x_wconf 88' lang='grc'>8</span> <span class='ocrx_word' id='word_1_232' title='bbox 526 3574 597 3637; x_wconf 75' lang='lat' dir='ltr'>etii</span> <span class='ocrx_word' id='word_1_233' title='bbox 622 3572 674 3652; x_wconf 87' lang='lat' dir='ltr'>ait,</span> <span class='ocrx_word' id='word_1_234' title='bbox 699 3572 753 3654; x_wconf 88' lang='lat' dir='ltr'>qui</span> <span class='ocrx_word' id='word_1_235' title='bbox 772 3573 834 3637; x_wconf 90' lang='lat' dir='ltr'>hcc</span> <span class='ocrx_word' id='word_1_236' title='bbox 854 3571 922 3636; x_wconf 90' lang='lat' dir='ltr'>loco</span> <span class='ocrx_word' id='word_1_237' title='bbox 935 3569 1014 3637; x_wconf 93' lang='lat' dir='ltr'>duos</span> <span class='ocrx_word' id='word_1_238' title='bbox 1029 3570 1169 3634; x_wconf 80' lang='lat' dir='ltr'>diversos</span> <span class='ocrx_word' id='word_1_239' title='bbox 1192 3569 1259 3634; x_wconf 87' lang='lat' dir='ltr'>fon·</span> 
     </span>
     <span class='ocr_line' id='line_1_32' title="bbox 164 3675 1263 3760; baseline 0 -18"><span class='ocrx_word' id='word_1_240' title='bbox 164 3681 213 3742; x_wconf 92' lang='lat' dir='ltr'>tes</span> <span class='ocrx_word' id='word_1_241' title='bbox 236 3675 301 3758; x_wconf 81' lang='lat' dir='ltr'>(vel</span> <span class='ocrx_word' id='word_1_242' title='bbox 321 3675 449 3757; x_wconf 78' lang='lat' dir='ltr'>fontem,</span> <span class='ocrx_word' id='word_1_243' title='bbox 487 3679 540 3757; x_wconf 91' lang='lat' dir='ltr'>qui</span> <span class='ocrx_word' id='word_1_244' title='bbox 570 3678 649 3746; x_wconf 92' lang='lat' dir='ltr'>duas</span> <span class='ocrx_word' id='word_1_245' title='bbox 680 3681 820 3745; x_wconf 85' lang='lat' dir='ltr'>diversas</span> <span class='ocrx_word' id='word_1_246' title='bbox 853 3678 1050 3745; x_wconf 87' lang='lat' dir='ltr'>narrationes</span> <span class='ocrx_word' id='word_1_247' title='bbox 1079 3676 1263 3760; x_wconf 79' lang='lat' dir='ltr'>exhibebat)</span> 
     </span>
     <span class='ocr_line' id='line_1_33' title="bbox 165 3783 1266 3866; baseline 0.001 -18"><span class='ocrx_word' id='word_1_248' title='bbox 165 3783 343 3849; x_wconf 89' lang='lat' dir='ltr'>adhibuisse</span> <span class='ocrx_word' id='word_1_249' title='bbox 361 3784 496 3850; x_wconf 83' lang='lat' dir='ltr'>uidetur.</span> <span class='ocrx_word' id='word_1_250' title='bbox 523 3787 600 3852; x_wconf 78' lang='lat' dir='ltr'>Eius</span> <span class='ocrx_word' id='word_1_251' title='bbox 619 3789 731 3854; x_wconf 91' lang='lat' dir='ltr'>relatio</span> <span class='ocrx_word' id='word_1_252' title='bbox 746 3788 840 3854; x_wconf 83' lang='lat' dir='ltr'>ualde</span> <span class='ocrx_word' id='word_1_253' title='bbox 860 3791 1002 3853; x_wconf 91' lang='lat' dir='ltr'>contorta</span> <span class='ocrx_word' id='word_1_254' title='bbox 1019 3792 1075 3865; x_wconf 89' lang='lat' dir='ltr'>est,</span> <span class='ocrx_word' id='word_1_255' title='bbox 1101 3804 1199 3866; x_wconf 91' lang='lat' dir='ltr'>quum</span> <span class='ocrx_word' id='word_1_256' title='bbox 1213 3804 1266 3850; x_wconf 93' lang='lat' dir='ltr'>ex-</span> 
     </span>
     <span class='ocr_line' id='line_1_34' title="bbox 165 3894 1267 3977; baseline 0.002 -19"><span class='ocrx_word' id='word_1_257' title='bbox 165 3895 392 3975; x_wconf 90' lang='lat' dir='ltr'>pugnationem</span> <span class='ocrx_word' id='word_1_258' title='bbox 414 3894 534 3961; x_wconf 90' lang='lat' dir='ltr'>insulae</span> <span class='ocrx_word' id='word_1_259' title='bbox 551 3916 571 3961; x_wconf 93' lang='lat' dir='ltr'>a</span> <span class='ocrx_word' id='word_1_260' title='bbox 590 3896 703 3965; x_wconf 85' lang='lat' dir='ltr'>Solone</span> <span class='ocrx_word' id='word_1_261' title='bbox 718 3898 835 3964; x_wconf 88' lang='lat' dir='ltr'>factam</span> <span class='ocrx_word' id='word_1_262' title='bbox 858 3904 954 3977; x_wconf 91' lang='lat' dir='ltr'>atque</span> <span class='ocrx_word' id='word_1_263' title='bbox 975 3897 1133 3961; x_wconf 89' lang='lat' dir='ltr'>Pisistrati</span> <span class='ocrx_word' id='word_1_264' title='bbox 1156 3900 1267 3960; x_wconf 89' lang='grc'><strong>666116</strong></span> 
     </span>
     <span class='ocr_line' id='line_1_35' title="bbox 167 4002 1265 4090; baseline 0.002 -23"><span class='ocrx_word' id='word_1_265' title='bbox 167 4002 371 4086; x_wconf 90' lang='lat' dir='ltr'>Megarenses</span> <span class='ocrx_word' id='word_1_266' title='bbox 384 4006 614 4087; x_wconf 90' lang='lat' dir='ltr'>expeditionem</span> <span class='ocrx_word' id='word_1_267' title='bbox 626 4007 711 4074; x_wconf 95' lang='lat' dir='ltr'>haud</span> <span class='ocrx_word' id='word_1_268' title='bbox 724 4007 908 4090; x_wconf 86' lang='lat' dir='ltr'>distinguat.</span> <span class='ocrx_word' id='word_1_269' title='bbox 924 4007 991 4070; x_wconf 89' lang='lat' dir='ltr'>lam</span> <span class='ocrx_word' id='word_1_270' title='bbox 1003 4023 1077 4071; x_wconf 89' lang='lat' dir='ltr'>vero</span> <span class='ocrx_word' id='word_1_271' title='bbox 1092 4005 1265 4086; x_wconf 86' lang='lat' dir='ltr'>quaeritur,</span> 
     </span>
     <span class='ocr_line' id='line_1_36' title="bbox 165 4112 1265 4182; baseline 0.003 -4"><span class='ocrx_word' id='word_1_272' title='bbox 165 4116 273 4178; x_wconf 88' lang='lat' dir='ltr'>utrum</span> <span class='ocrx_word' id='word_1_273' title='bbox 294 4112 485 4180; x_wconf 87' lang='lat' dir='ltr'>Plutarchus</span> <span class='ocrx_word' id='word_1_274' title='bbox 506 4112 587 4182; x_wconf 89' lang='lat' dir='ltr'>hanc</span> <span class='ocrx_word' id='word_1_275' title='bbox 609 4116 820 4182; x_wconf 87' lang='lat' dir='ltr'>confusionem</span> <span class='ocrx_word' id='word_1_276' title='bbox 854 4116 917 4181; x_wconf 89' lang='lat' dir='ltr'>iam</span> <span class='ocrx_word' id='word_1_277' title='bbox 951 4114 983 4179; x_wconf 93' lang='lat' dir='ltr'>in</span> <span class='ocrx_word' id='word_1_278' title='bbox 1010 4112 1150 4180; x_wconf 86' lang='lat' dir='ltr'>fontibus</span> <span class='ocrx_word' id='word_1_279' title='bbox 1180 4113 1265 4181; x_wconf 80' lang='lat' dir='ltr'>inve-</span> 
     </span>
    </p>
   </div>
   <div class='ocr_carea' id='block_1_6' title="bbox 0 0 1460 4675">
    <p class='ocr_par' dir='ltr' id='par_1_7' title="bbox 0 0 1460 4675">
     <span class='ocr_line' id='line_1_37' title="bbox 0 0 1460 4675; baseline 0 0"><span class='ocrx_word' id='word_1_280' title='bbox 0 0 1460 4675; x_wconf 95' lang='lat' dir='ltr'> </span> 
     </span>
    </p>
   </div>
   <div class='ocr_carea' id='block_1_7' title="bbox 1443 0 1447 663">
    <p class='ocr_par' dir='ltr' id='par_1_8' title="bbox 1443 0 1447 663">
     <span class='ocr_line' id='line_1_38' title="bbox 1443 0 1447 663; baseline 0 0"><span class='ocrx_word' id='word_1_281' title='bbox 1443 0 1447 663; x_wconf 95' lang='lat' dir='ltr'> </span> 
     </span>
    </p>
   </div>
  </div>
 </body>
</html>
