2892 4675
577 198 747 262 ‘14

173 379 283 446 Eidem
306 380 401 461 vulgo
420 381 623 461 assignantur
642 378 740 443 verba
751 378 915 444 Plutarchi
937 383 1010 444 clo
1031 383 1075 463 (p.
1085 381 1159 465 343)
1182 382 1272 467 (cuy-
1320 393 1322 399 '

173 487 262 573 χέας)
284 483 477 555 παντάπασι
497 487 552 554 καὶ
573 481 713 571 ταράξας
739 481 801 572 τήν
821 482 919 552 πόλιν
938 491 942 568 Ι
961 479 1200 575 ἀσθενέστερος
1219 489 1272 577 ρέ-

171 600 345 681 cancerosi
367 600 565 683 καταστῆσαι
586 581 691 663 πάλιν
709 597 714 674 Ι
734 595 789 660 καὶ
809 591 1091 681 συναρμόσασθαι,
1114 618 1196 679 quae
1215 599 1270 667 So·

170 706 251 772 lonis
271 724 340 771 esse
360 708 481 788 primus
503 707 633 773 coniecit
646 705 672 770 Ι.
689 705 854 771 Bekkerus
875 706 908 770 in
926 706 1004 771 diar.
1029 708 1091 772 litt
1111 708 1176 777 Ien.
1191 713 1271 775 1810

171 832 218 881 nr.
233 819 302 879 187.
351 816 414 882 Sed
442 821 528 884 recto
557 817 669 882 iudicio
698 817 813 881 ductus
836 815 894 880 Th.
916 816 1072 898 Bergkius
1098 816 1179 884 hanc
1199 837 1270 884 con·

171 923 325 990 lecturam
344 925 462 991 reiecit.

253 1052 311 1116 His
321 1050 512 1118 carminibus
524 1051 722 1132 adiungimus
736 1071 783 1129 ea,
805 1069 887 1131 quae
909 1052 1010 1133 magis
1032 1052 1072 1117 ad
1085 1052 1206 1119 Solonis
1225 1054 1269 1119 vi·

169 1164 236 1225 tam
258 1161 416 1242 privatam
436 1161 596 1241 pertinent
617 1165 715 1242 atque
735 1161 829 1225 titulo
848 1154 1083 1247 Ὑποθῆκαι
1113 1159 1176 1240 εἰς
1204 1157 1270 1227 αὖ·

169 1264 240 1335 τὸν
259 1269 579 1352 comprehenduntur.
602 1287 628 1336 c.
648 1277 666 1335 2
691 1272 736 1351 (p.
755 1273 814 1334 317
833 1271 885 1354 R.)
915 1276 1012 1351 atque
1030 1289 1131 1353 comp.
1152 1272 1269 1338 Solet

168 1380 260 1445 Publ.
276 1399 301 1446 c.
317 1380 538 1446 lPlutarchus
552 1381 630 1446 duos
655 1398 765 1445 versus
788 1399 828 1445 ex
851 1380 954 1463 elegia
972 1380 1139 1447 aStobaeo
1163 1379 1266 1463 (floril.

168 1489 223 1569 IX,
238 1489 290 1573 24)
312 1490 436 1571 integra
458 1494 584 1555 servata
607 1489 660 1570 (ir.
674 1493 712 1553 13
724 1488 777 1570 Β.)
813 1489 1015 1571 depromptos
1047 1490 1140 1556 affert
1170 1496 1268 1572 atque

170 1603 226 1663 c.2
248 1596 290 1681 (p.
304 1602 364 1662 316
375 1598 412 1662 R.
433 1596 473 1662 fr.
489 1603 529 1661 24
544 1597 593 1678 B.)
627 1600 660 1661 et
680 1614 706 1661 e.
723 1601 742 1661 3
765 1596 816 1679 (fr.
830 1603 868 1661 15
880 1599 928 1675 Β.)
958 1604 1181 1663 commemorat
1211 1597 1266 1663 So·
1351 1658 1356 1666 .

168 1706 380 1786 laniaveram,
403 1707 457 1787 qui
478 1706 573 1772 etiam
589 1706 675 1785 apud
686 1705 900 1786 Theognidem
915 1705 1127 1770 inveniuntur.
1148 1705 1264 1782 Quam·

168 1816 215 1881 vis
237 1815 405 1881 obscurum
429 1815 478 1894 sit,
500 1835 519 1881 a
540 1832 602 1895 quo
622 1814 756 1894 profecti
779 1815 840 1879 siut
861 1814 893 1878 hi
914 1832 1036 1893 uersus,
1059 1818 1166 1878 tamen
1186 1813 1264 1879 mihi

167 1924 269 1990 multo
294 1925 362 1989 veri
391 1923 524 1990 similius
552 1922 678 1987 videtur
707 1942 817 1989 versus
850 1941 889 1988 ex
921 1922 1044 1989 Solonis
1076 1924 1266 1989 carminibus

168 2034 380 2100 transiissem
404 2033 638 2116 Theognideam
660 2033 863 2114 farraginem,
885 2051 982 2112 quam
1003 2034 1195 2099 contrarium
1217 2032 1264 2099 ia-

169 2145 253 2209 ctum
266 2159 345 2207 esse.
359 2161 384 2207 c.
397 2146 414 2206 2
427 2140 617 2205 Plutarchus
628 2140 751 2206 Solonis
764 2139 854 2203 illud:
877 2132 1035 2223 Γηράσκω
1052 2139 1080 2204 δ’
1094 2137 1146 2204 ἀεὶ
1159 2133 1266 2204 πολλὰ

160 2244 399 2332 ,διδασκόμενος
419 2248 547 2331 profert,
580 2253 617 2312 ut
648 2249 795 2314 ostendat
815 2246 960 2313 Solonem
982 2242 1121 2333 ἐραστήν
1143 2245 1266 2335 σοφίας

166 2359 271 2426 sarissa.
305 2360 426 2425 Eodem
447 2363 554 2424 autem
575 2361 773 2442 pentametro
794 2358 902 2438 inepte
923 2359 1026 2423 utitur
1049 2375 1074 2424 c.
1091 2364 1130 2425 32
1153 2363 1264 2424 contra

167 2470 332 2534 Platonem
364 2468 636 2533 demonstraturus
669 2465 777 2531 Saloni
811 2467 867 2532 otii
897 2467 1125 2533 abundantiam
1155 2467 1262 2535 fuisse.

149 2669 151 2673 ¹
167 2578 277 2659 Neque
298 2579 360 2645 alio
386 2579 564 2644 testimonio
581 2597 606 2644 c.
620 2582 657 2641 31
674 2580 799 2659 prolato
812 2580 985 2660 quidquam
998 2579 1161 2660 probatur,
1175 2598 1266 2645 nam

29 2741 31 2747 ,
166 2704 228 2768 que
250 2687 397 2754 Solonem
421 2706 532 2754 versus
557 2687 608 2771 (ir.
623 2692 664 2753 26
679 2686 745 2771 B.):

264 2851 341 2941 ἔργα
363 2852 399 2921 δὲ
421 2858 655 2941 Κυπρογενοῦς
676 2858 733 2921 νῦν
752 2879 808 2939 μοι
827 2854 908 2945 φίλα
928 2854 983 2920 καὶ
1002 2847 1163 2920 Διονύσου

264 2964 318 3030 καὶ
341 2963 508 3032 Μουσέων
528 2955 549 3028 ἃ
571 2964 681 3052 υίθησ
704 2957 860 3047 οἷνδράσιν
883 2954 1091 3055 εὐφροσύνας

164 3130 270 3178 senem
288 3112 448 3198 scripsisse
469 3111 546 3177 nihil
569 3111 628 3178 nisi
651 3109 718 3176 veri
734 3111 895 3177 dissimilis
906 3109 1072 3177 Plutarchi
1082 3110 1263 3176 coniectura

164 3225 221 3287 est.
258 3200 405 3289 Carmina
425 3221 615 3287 amatoria
637 3220 771 3300 Solonis,
796 3220 903 3301 qualia
926 3218 1152 3300 Bernhardyus
1172 3219 1260 3298 (H‚l

163 3330 438 3412 permaturuit,
470 3331 640 3395 memoriae
660 3331 794 3412 proditas
820 3347 883 3396 non
903 3332 987 3417 sunt,
1019 3347 1056 3395 uc
1085 3329 1262 3409 quaeritur,

164 3457 239 3504 num
260 3440 339 3505 taha
360 3442 579 3520 composuerit.
633 3439 797 3509 Distiehon
827 3444 934 3505 autem
956 3438 1050 3519 illud,
1082 3438 1166 3519 qnod
1185 3437 1261 3502 Plu·

164 3548 295 3619 tarchua
328 3550 470 3615 Amator.
505 3552 533 3612 5.
568 3547 620 3631 (fr.
651 3553 690 3614 25
714 3548 764 3631 B.)
787 3569 806 3614 a
829 3547 942 3614 Solone
967 3548 1080 3615 invene
1110 3548 1262 3629 scriptum
1325 3570 1333 3583 ·

163 3663 392 3738 memorator
424 3658 486 3724 alio
518 3658 655 3723 carmine
696 3658 833 3738 petitum
866 3655 1001 3736 uidetur,
1032 3674 1094 3738 quo
1128 3674 1190 3722 non
1223 3655 1263 3725 de

163 3786 272 3834 amore
293 3769 358 3834 solo
389 3765 504 3849 agebat
535 3771 639 3848 poeta,
672 3771 769 3848 atque
805 3785 844 3831 ex
875 3766 993 3832 talibus
1025 3766 1158 3849 singulis
1187 3764 1262 3831 locis

163 3877 354 3943 Plutarchus
388 3878 455 3943 sine
487 3875 581 3942 dubio
614 3878 764 3943 conclusit
803 3895 937 3943 venereo
973 3893 1080 3942 amore
1114 3873 1262 3939 Solonem

163 3986 260 4054 fuisse
281 3984 450 4067 imbutum,
472 3986 555 4067 quod
577 3987 609 4051 in
629 3988 731 4070 primo
741 3992 869 4054 nostrae
883 3987 968 4053 ritae
987 3988 1088 4066 capite
1098 3986 1147 4051 his
1158 3984 1261 4064 expri-

163 4097 221 4162 mit
247 4096 365 4162 verbis:
400 4089 451 4161 ὅτι
479 4094 515 4160 δὲ
544 4092 629 4182 πρὸς
662 4073 740 4174 τους
770 4091 888 4174 καλοὺς
919 4087 981 4160 οὐκ
1012 4081 1051 4181 ἦν
1089 4088 1202 4180 ἐχυρὸς
1240 4089 1259 4160 ὁ

1439 329 1441 356 1

1438 364 1442 385 ι

1322 1007 1330 1020 ,

1437 1205 1442 1428 l
