2892 4675
713 124 855 241 1o>

187 352 299 434 quide
320 351 488 419 Salaminis
510 335 743 436 expugnatione·
772 363 848 440 agat
874 361 965 440 quasi
993 364 1065 441 post
1088 357 1210 430 Solonis
1234 367 1278 432 le·

187 462 387 545 gislationem
408 468 547 544 peracta.
585 464 647 531 Sed
669 465 748 531 haec
769 465 955 550 coniectura,
976 469 1085 551 inquit,
1107 490 1163 538 suo
1182 475 1280 555 ipsius

185 571 286 651 pretio
307 573 437 637 nitatur.
484 572 602 651 Quibus
625 576 779 641 assentior
799 577 912 659 verbis,
936 596 1034 659 quum
1057 599 1149 647 nemo
1168 589 1277 664 postu·

184 682 308 747 laturus
328 682 379 763 sit,
400 687 437 749 ut
458 688 636 751 accuratius
658 704 727 752 eam
749 689 950 769 redarguam.

269 790 404 859 Groteus
425 812 499 859 vero
525 794 569 877 (Π
589 815 618 877 p.
634 801 693 861 120
718 802 783 862 not.
798 802 837 861 99
861 798 908 863 ed.
929 788 1096 882 Meissner)
1127 799 1279 869 Herodoti

183 899 277 965 iidem
298 893 451 969 infumare
475 904 589 982 studet,
607 905 682 984 quia
703 906 769 970 eius
784 907 865 971 ratio
877 907 1005 972 illorum
1016 912 1196 989 temporum
1207 929 1278 976 con·

184 1013 270 1074 torta
288 1009 338 1091 sit,
361 1014 458 1091 atque
479 1012 521 1077 ad
544 1011 626 1078 hanc
647 1015 835 1078 sententiam
855 1014 1050 1095 probandam
1072 1015 1165 1083 affert
1179 1019 1277 1085 Hero·

182 1118 248 1183 doti
277 1118 316 1183 de
334 1118 456 1186 Solonis
483 1125 516 1185 et
535 1120 640 1188 Croesi
679 1128 837 1189 conventu
859 1128 956 1203 atque
978 1123 1017 1188 de
1038 1124 1277 1193 Atheniensium

183 1226 223 1292 ad
244 1225 371 1309 Sigeum
392 1230 507 1310 pugnis
530 1234 564 1296 et
588 1232 695 1298 Alcaei
719 1232 823 1317 fuga1)
849 1233 1056 1300 narrationes.

264 1338 417 1404 Necvero
439 1339 642 1407 adHerodoti
662 1342 760 1408 verba
783 1359 880 1424 supra
905 1344 1004 1409 allata
1018 1344 1049 1408 in
1071 1346 1277 1426 suspicionem

151 1494 155 1502 .
182 1447 324 1512 vocanda
345 1446 405 1511 hoc
424 1450 519 1530 valet,
555 1469 637 1530 quae
668 1452 787 1534 optime
806 1453 838 1518 in
860 1457 1002 1519 nostram
1025 1455 1179 1521 rationem
1200 1473 1277 1536 qua·

182 1553 286 1620 drant.
329 1553 508 1624 Herodotus
530 1560 612 1624 enim
634 1560 667 1625 id
689 1560 817 1640 bellum,
841 1561 926 1640 quod
947 1578 1003 1625 nos
1024 1563 1202 1642 statuimus,
1229 1563 1275 1628 in·

182 1665 345 1732 tcllexisse
363 1665 496 1731 videtur.

264 1774 412 1840 Ceterum
424 1774 570 1841 Solonem
591 1776 696 1857 ipsum
716 1774 798 1839 bello
816 1774 996 1856 Megarensi
1019 1774 1197 1842 intermisse
1219 1795 1272 1842 ne
1322 1801 1327 1810 ¹
1440 1797 1441 1826 1

143 1907 147 1910 ·
180 1883 270 1966 gavit
305 1883 549 1951 Dalmachus
579 1885 775 1951 Plataeensis
808 1885 859 1966 (cf.
882 1886 1007 1951 Mulieri
1035 1886 1087 1951 Fr.
1109 1886 1149 1950 H.
1173 1886 1210 1952 G.
1231 1887 1273 1968 ll,

179 1993 375 2074 pato-42.
418 1994 508 2061 Voss.
531 1995 570 2060 de
598 1995 670 2060 hist.
692 2014 740 2078 gr.
768 1995 816 2061 ed.
839 1995 1007 2061 Westerm.
1037 2014 1068 2077 p.
1083 1997 1166 2080 112).
1207 1996 1275 2063 Hoc

180 2102 263 2168 enim
285 2102 375 2167 modo
396 2102 560 2168 Plutarchi
581 2104 679 2169 verba
701 2103 816 2187 (comp.
843 2103 906 2169 Sol.
931 2104 1066 2169 etPubl.
1087 2123 1113 2171 c.
1127 2106 1177 2186 4):
1209 2108 1275 2170 τῶν

177 2209 290 2294 μέντοι
309 2210 499 2294 πολεμικῶν
516 2206 642 2278 Σόλωνι
662 2210 721 2296 μὲν
744 2206 821 2279 οὐδὲ
842 2212 885 2279 co?
909 2209 996 2299 πρὸς
1012 2218 1179 2298 Μεγαρεῖς
1195 2214 1276 2282 Λαΐ-

177 2315 767 2409 pagogdmawalgpapapctpparg
787 2318 904 2408 ὥσπερ
925 2319 1021 2412 ἡμεῖς
1038 2317 1276 2410 διεληλύθαμεν

177 2432 319 2513 plerique
330 2431 590 2514 interpretantur,
605 2435 694 2500 velut
705 2433 842 2503 Groteus
853 2434 887 2499 ΙΙ
908 2455 939 2517 p.
951 2438 990 2499 73
1002 2438 1066 2500 not.
1079 2439 1107 2514 6,
1130 2432 1274 2501 G.Muel·

178 2540 264 2607 lerus
285 2540 306 2604 l.
330 2541 361 2620 l.,
384 2540 417 2606 C.
440 2541 476 2607 0.
498 2542 673 2609 Muellerus
694 2544 839 2610 Dorierl
859 2562 890 2624 p.
906 2547 974 2608 178.
1008 2542 1070 2609 Sed
1090 2542 1137 2608 his
1158 2541 1273 2622 verbis,

178 2664 218 2715 ex
242 2649 354 2730 quibus
377 2652 455 2716 certi
477 2651 555 2717 nihil
579 2653 647 2717 erui
669 2656 785 2733 potest,
799 2651 991 2717 Plutarchus
1011 2650 1147 2717 tortasse
1170 2649 1274 2717 dicere

177 2758 277 2822 voluit
301 2759 511 2824 Daunachum
532 2778 583 2827 res
608 2779 627 2824 a
652 2760 765 2826 Solone
792 2761 826 2825 in
854 2759 939 2825 bello
959 2758 1138 2840 Megarensi
1165 2765 1274 2841 gestas

176 2880 239 2932 non
268 2882 522 2933 commemorare.
567 2868 776 2934 Daimachum
802 2872 875 2950 post
896 2869 1133 2951 Megasthenem
1156 2870 1273 2935 Palim-

177 2974 291 3041 bothra
313 2976 354 3040 ad
374 2993 483 3059 regem
504 2976 751 3055 Allitrochaden,
784 2978 839 3058 qui
869 2978 943 3044 inde
968 2979 1009 3044 ab
1037 2998 1118 3044 anno
1138 2985 1199 3045 288
1222 2998 1272 3045 us·

178 3100 239 3165 quc
259 3086 300 3151 ad
321 3078 438 3150 annum
459 3090 519 3151 263
539 3088 591 3151 vel
613 3092 674 3153 260
697 3087 864 3171 regnabat,
888 3090 1035 3172 legatum·
1050 3089 1181 3153 missum
1205 3106 1273 3155 esse

178 3201 274 3278 atque
295 3196 401 3262 Indica
422 3198 581 3280 scripsisse
602 3198 726 3278 scimus,
756 3197 812 3262 sed
844 3216 906 3278 quo
936 3199 969 3262 in
989 3198 1069 3263 libro
1093 3199 1132 3264 de
1158 3198 1271 3264 Solone

178 3306 286 3390 egerit,
314 3324 376 3375 non
395 3310 526 3374 constat.
549 3305 715 3372 Daimaohi
737 3306 855 3370 nomini
876 3325 896 3372 a
917 3304 1078 3387 Stephano
1101 3307 1174 3390 Byz.
1196 3325 1221 3373 s.
1240 3326 1270 3373 v.

251 3611 275 3679 1)
294 3607 335 3663 De
353 3607 406 3663 hac
423 3624 454 3662 re
472 3607 679 3663 accuratissime
704 3607 763 3678 egit
787 3607 945 3676 nuperrime
965 3606 1094 3664 Alfredus
1115 3607 1272 3664 Schoeneus

178 3705 300 3776 Symbol.
318 3705 413 3775 philol.
431 3705 568 3759 Bonnena.
587 3706 681 3774 (1867)
700 3723 728 3774 p.
739 3706 791 3759 746
805 3721 864 3773 sqq.
893 3702 1024 3759 Forsitan
1043 3704 1079 3759 sd
1091 3705 1270 3760 »Herodotum

179 3802 382 3857 defendendum
400 3801 500 3871 aliquis
521 3801 659 3856 'statuerit
682 3800 819 3856 Herodoti
842 3802 928 3855 verba
957 3801 1000 3866 (V,
1023 3805 1058 3854 94
1075 3802 1160 3870 sqq.)t
1179 3803 1271 3855 ἐπολέ-

177 3917 246 3970 μεον
269 3896 323 3969 γὰρ
348 3884 435 3968 udque
462 3898 499 3953 sd
522 3898 687 3954 uocabulum
717 3903 828 3969 Σίγειον
854 3897 1055 3968 digressionem
1086 3915 1154 3963 esse,
1179 3899 1219 3950 ita
1237 3900 1270 3950 ut

177 4014 269 4066 nequa
283 4002 350 4052 cum'
369 3996 599 4051 antecedentibus
616 4013 706 4065 neque
723 4013 785 4050 cum
802 3996 982 4066 aequantibus
1000 4000 1078 4051 arcte
1094 3994 1270 4051 cohaereant.

180 4091 235 4149 Sed
252 4093 298 4148 uix
320 4092 489 4149 crediderim
507 4093 561 4149 hoo
579 4093 664 4149 stauai
681 4107 771 4165 posse.
