2892 4675
699 212 740 280 la

174 400 225 485 (ir.
239 399 339 485 36Β.)
371 400 524 483 integrius
555 399 682 481 legitur,
716 396 871 478 depromti
892 402 975 463 sunt.
1031 397 1082 463 Ad
1110 395 1268 463 Pisistrati

173 509 369 593 tyrannidem
389 509 541 575 nonnulla
563 507 683 573 Solonis
704 510 853 587 pcbmata
887 506 1081 589 spectabant,
1115 506 1156 571 ad
1186 523 1268 587 quae

173 619 361 702 fragmenta,
384 636 467 700 quae
484 616 569 699 apud
581 615 789 681 Plutarchum
807 634 832 680 c.
847 620 886 680 30
900 615 954 695 (fr.
968 620 1004 680 11
1018 615 1069 699 Β.)
1092 620 1190 697 atque
1210 619 1267 682 c.3

172 730 383 806 inueniuntur,
406 727 573 792 referenda
595 733 679 791 sunt.
732 725 792 790 Illo
814 724 880 790 loco
904 742 1053 790 versuum
1082 724 1158 789 ordo
1184 725 1268 806 apud

172 841 315 903 nostrum
336 835 529 915 scriptorem,
550 834 685 899 fortasse
705 832 859 897 memoria
879 832 1014 913 lapsum,
1048 830 1129 897 alius
1152 835 1201 897 ast
1220 839 1268 896 at·

174 962 236 1025 que
259 943 344 1026 apud
364 944 471 1009 Laert.
492 943 582 1025 Diog.
596 944 620 1023 l,
635 947 675 1007 50
696 947 729 1007 et
745 940 835 1007 Diod.
851 941 927 1006 Exc.
942 941 1015 1006 Vat.
1026 940 1074 1006 111
1093 959 1124 1022 p.
1136 945 1187 1022 24,
1211 941 1270 1007 hoc

174 1051 364 1118 Plutarchus
393 1052 454 1119 duo
481 1052 546 1117 sine
576 1051 668 1117 dubio
703 1070 743 1117 ex
772 1050 902 1115 diversis
923 1049 1045 1114 Salonis
1080 1048 1270 1115 carminibus

175 1166 281 1226 sumta
301 1159 435 1227 disticha
455 1161 621 1242 componit,
653 1165 690 1225 ut
718 1160 920 1238 demonstret,
953 1177 1050 1239 quam
1079 1158 1213 1240 simplex
1237 1163 1271 1223 et

167 1268 314 1336 'obsoleta
325 1267 448 1334 Solonis
467 1289 576 1335 rerum
601 1268 799 1334 naturalium
822 1269 952 1334 scientia
965 1267 1071 1333 fucrit.
1093 1267 1161 1333 Nisi
1183 1267 1271 1333 aliud

174 1378 213 1464 de
234 1378 282 1444 his
304 1379 447 1443 uersibus
468 1380 683 1444 testimonium
703 1377 792 1442 nobis
807 1376 1033 1458 suppeditaret,
1044 1381 1186 1444 statuere
1199 1395 1270 1459 pos·

174 1504 281 1552 scmus
301 1486 448 1552 Solonem
468 1487 628 1567 peculiare
649 1504 777 1551 carmen
800 1485 839 1550 de
860 1486 954 1550 rebus
972 1486 1171 1551 naturalibus
1200 1503 1271 1550 con·

175 1595 299 1660 didisse.
333 1595 423 1672 Quod
446 1614 509 1661 non
531 1595 650 1661 factum
672 1614 742 1662 esse
765 1595 911 1660 evincunt
929 1594 1086 1660 Diodorus
1108 1595 1271 1660 Exulat.

174 1703 269 1769 Τ.ΠΙ
287 1723 319 1785 p.
332 1709 372 1769 23
388 1704 440 1770 of.
464 1709 561 1785 atque
582 1704 688 1769 Laert.
702 1705 887 1785 Diog.l‚50.
911 1704 962 1769 Ex
983 1703 1031 1769 his
1052 1704 1138 1784 locis,
1159 1702 1272 1784 quihus

172 1814 262 1895 prius
284 1814 417 1881 affertur
438 1813 602 1904 distichum,
635 1818 769 1895 apparet
790 1814 823 1877 in
844 1831 880 1877 eo
901 1812 1136 1879 similitudinem
1159 1813 1271 1878 inesse

174 1923 297 1989 Solonis
318 1929 425 1989 autem
446 1924 607 1990 consihum
619 1923 776 1988 Diodorus
797 1927 882 1987 recte
903 1922 1065 1989 declarare
1080 1923 1207 1987 uidetur
1220 1920 1271 1988 his
1305 1928 1308 1933 ’

173 2031 293 2098 verbis:
336 2029 479 2116 Λέγεται
497 2025 610 2096 Σόλων
631 2029 686 2095 καὶ
705 2033 882 2112 προειπεῖν
903 2035 975 2107 τοῖς
995 2021 1195 2115 Ἀθηναίοις
1214 2026 1273 2118 τὴν

173 2138 329 2227 ἐσομένην
355 2139 526 2226 τυραννίδα
556 2140 598 2205 δι’
630 2137 789 2225 ἐλεγείων.
844 2140 963 2217 Quodsi
992 2141 1122 2208 Diodori
1153 2140 1272 2207 fontem

174 2250 376 2331 quaesiveris,
398 2252 437 2317 de
448 2251 585 2331 Ephoro,
604 2250 690 2316 haud
712 2252 889 2332 spernendo
911 2254 1048 2331 auctore,
1069 2249 1272 2332 cogitandum

176 2359 245 2434 erit,
279 2361 335 2439 qui
356 2378 479 2425 summa
500 2361 662 2441 diligentia
683 2361 874 2441 testimonia,
909 2378 990 2440 quae
1022 2361 1055 2426 in
1086 2359 1273 2426 carminibus

175 2465 282 2547 lyricis
301 2469 433 2547 inerant,
457 2468 591 2549 collegit.
640 2470 787 2534 Alterum
809 2474 915 2534 autem
937 2469 1090 2537 distichon
1110 2469 1273 2539 Plutarchi

175 2573 227 2655 (fr.
245 2580 282 2640 12
297 2576 348 2659 B.)
377 2578 418 2642 ad
450 2576 534 2643 idem
557 2596 683 2644 carmen
702 2581 871 2659 pertinere,
902 2580 943 2644 ad
976 2579 1061 2659 quod
1093 2597 1203 2645 versus
1232 2579 1273 2643 ah

174 2685 230 2751 illo
255 2684 363 2768 Comp.
387 2686 450 2753 Sol.
484 2692 516 2752 et
537 2687 627 2753 Publ.
653 2692 709 2755 ct
742 2688 857 2754 allatos
876 2687 1030 2770 Bergkius
1058 2688 1193 2769 conficit,
1225 2689 1275 2754 cui

176 2795 360 2878 adstipulor.

258 2904 343 2968 Num
372 2909 575 2984 pentameter
604 2911 681 2972 'cib
704 2910 969 2982 commemoratus
996 2925 1036 2971 ex
1063 2907 1201 2972 carmine
1232 2909 1273 2974 ci-

175 3013 229 3078 vili
253 3013 372 3094 petitus
394 3014 442 3093 sit,
468 3014 660 3096 ambiguum,
674 3015 739 3095 ,sed
757 3015 834 3079 mihi
857 3014 983 3096 quidem
1005 3015 1174 3082 verisimile
1192 3022 1251 3083 est.

227 3173 229 3179 .
260 3124 488 3190 innumerum
511 3126 646 3190 civilium
670 3127 842 3192 carminum
863 3127 986 3193 Solonis
1014 3127 1045 3192 id
1075 3145 1200 3208 quoque
1224 3147 1273 3195 re

177 3232 341 3299 ferendum
378 3239 444 3316 est,
475 3237 560 3316 quod
590 3236 631 3301 ad
663 3235 833 3301 Phocum
867 3237 1044 3318 quendam,
1079 3241 1274 3305 tetrametris

175 3343 346 3410 trochaicis
354 3342 381 3427 ¹)
406 3345 557 3428 scriptum
587 3350 646 3412 est.
701 3346 751 3411 Ex
785 3347 853 3427 hoc,
888 3366 951 3428 quo
980 3354 1075 3429 poeta
1104 3350 1274 3431 praecipue

176 3459 287 3520 contra
304 3456 434 3520 crimina
455 3473 489 3520 se
513 3455 659 3538 defendit,
689 3457 883 3524 Plutarchus
904 3477 928 3522 c.
951 3462 990 3523 14
1021 3459 1072 3537 (fr.
1092 3463 1141 3540 32,
1162 3463 1202 3524 33
1224 3459 1274 3544 Β.)

177 3563 261 3630 duas
280 3564 435 3646 longiores
454 3567 627 3647 particulas
647 3566 749 3647 affert,
770 3573 866 3649 atque
881 3586 992 3634 uersus
1013 3571 1273 3652 c.-1e(p.3481u

176 3673 216 3739 ir.
247 3678 287 3739 34
313 3673 362 3758 Β.)
399 3675 523 3740 laudati
549 3676 591 3741 ad
630 3677 712 3742 idem
750 3695 876 3744 carmen
903 3681 1090 3760 pertinuisse
1117 3680 1273 3748 videntur.

252 3958 278 4029 1)
296 3959 386 4015 Miror
403 3960 555 4032 Bergkium
583 3962 636 4018 hoc
652 3964 683 4019 in
698 3960 818 4037 Ἰάμβοις
842 3985 955 4037 ponere.
1002 3965 1121 4021 Etiamsi
1150 3966 1274 4023 carmina

179 4058 380 4113 contumeliosa
398 4053 514 4132 ἰάμβους
530 4061 675 4133 intelligit,
695 4080 753 4118 non
771 4068 867 4133 aptum
885 4069 937 4129 est,
957 4081 1042 4134 quum
1061 4067 1087 4120 ei
1105 4066 1274 4120 contumelio

183 4159 210 4211 et
230 4155 382 4211 ludibrium
402 4174 458 4212 non
476 4159 552 4214 insit.
