2892 4675
698 260 737 324 85

49 517 51 522 ,
135 483 137 488 ·
196 483 200 492 ι
266 441 328 512 Sed
351 459 409 507 me'
422 439 524 508 iudice
545 441 692 508 Laertius
717 440 885 524 Diogenes,
910 459 975 522 qua
996 446 1045 507 est
1064 440 1266 523 negligentia,

169 553 378 635 Hermippum
390 550 565 633 Berytium,
587 569 627 618 ex
641 567 704 631 quo
717 548 778 616 hoc
791 551 859 617 loco
881 550 996 629 hausit,
1018 554 1050 616 et
1059 550 1270 632 Hermippum

172 658 424 739 Callimachium,
446 659 741 740 quemplerumque
753 658 906 739 sequitur,
927 674 990 722 non
1004 657 1161 723 discernit.
1183 658 1269 723 Nau·

169 769 232 836 chii
263 768 399 850 opinioni
433 786 605 849 cognomen
640 766 837 840 Callimachii
872 767 999 833 obstare
1026 766 1161 847 videtur,
1184 766 1270 847 quod

174 883 282 946 temen
305 874 470 944 artificiose
492 877 538 942 ita
560 877 719 957 explicare
745 881 844 958 potes,
875 879 913 940 ut
933 874 1020 942 dices
1041 876 1073 941 id
1095 872 1270 959 siguificare

168 1004 250 1065 eum,
273 985 328 1066 qui
349 983 534 1060 Callimachi
565 984 657 1054 ruodo
678 985 804 1052 scribet.
858 986 1033 1065 Aequalem
1065 989 1172 1051 sutem
1193 983 1268 1048 Plu·

168 1093 298 1160 turohus
318 1094 372 1162 uix
393 1097 459 1158 turn
480 1111 574 1174 saepe
595 1093 722 1160 citasset
743 1099 840 1175 atque
860 1094 1041 1175 ehpilasset.

94 1274 108 1298 x
267 1202 477 1284 Hermippum
507 1220 584 1268 uero
607 1201 846 1268 Callimachium
875 1203 1046 1270 uerisimile
1079 1208 1129 1270 est
1143 1220 1268 1284 compos
1306 1213 1314 1324 l

167 1312 266 1382 unisse
285 1328 374 1393 opus,
396 1311 481 1390 qued
503 1309 580 1375 Βίοι
612 1311 800 1392 inscriptum
827 1329 868 1377 ex
889 1311 1103 1392 compluribus
1123 1311 1268 1394 partibus
1309 1325 1311 1352 *

168 1419 345 1498 constabat,
366 1435 503 1499 quarum
523 1419 637 1499 cuique
658 1418 831 1500 peculiaris
850 1424 921 1485 erat
943 1419 1058 1486 titulus
1079 1419 1128 1496 (cf.
1145 1420 1268 1486 Preller

168 1526 300 1594 Jahrhh.
321 1525 343 1592 i.
362 1524 549 1597 ,Philxlll
575 1528 685 1605 (1836)
709 1545 740 1607 p.
755 1530 815 1596 loo
830 1546 899 1608 sqq.
929 1528 1042 1598 Fraus.
1073 1530 1164 1598 Aem.
1185 1527 1266 1593 Boh·

168 1653 234 1714 ren,
258 1635 308 1704 De
327 1640 448 1717 septem
467 1634 661 1716 sapientibus
679 1635 809 1704 Βοοοοο
822 1640 912 1708 186i,
934 1656 965 1718 p.
985 1640 1021 1701 ll
1037 1639 1131 1718 squ).
1154 1635 1269 1717 Itaque

168 1742 239 1810 libri
260 1742 338 1826 περὶ
355 1744 422 1807 τῶν
443 1737 528 1810 leod
549 1745 666 1828 σοφοῖν
687 1748 786 1824 atoue
806 1742 886 1825 περὶ
901 1745 1099 1826 νομοθετῶν
1122 1744 1268 1828 singulm

166 1856 293 1932 tautum
326 1856 436 1933 partes
467 1852 552 1918 illius
582 1852 687 1933 operis
723 1852 820 1919 fuisse
854 1852 1010 1920 videntur.
1060 1853 1112 1917 Ex
1142 1853 1180 1918 iis
1199 1854 1268 1920 sine

167 1959 262 2030 dubio
282 1960 474 2026 Plutarchus
498 1961 602 2025 multa
615 1960 773 2041 excerpsit
793 1965 890 2040 utque
911 1960 952 2025 ud
973 1961 1105 2026 verbum
1125 1960 1192 2027 fere
1212 1980 1265 2028 ex·

167 2071 300 2153 scripsit.
353 2069 399 2135 Ac
437 2071 608 2140 verisimile
638 2071 767 2151 quidem
794 2074 844 2136 est
875 2069 1084 2150 Hermippum
1115 2087 1154 2135 ea
1185 2087 1305 2151 quoe,

166 2180 207 2245 ed
228 2179 349 2247 Solonis
371 2179 603 2261 legislationem
624 2180 788 2261 pertinent
805 2179 834 2243 in
856 2196 949 2260 opere
961 2177 1040 2258 περὶ
1063 2179 1267 2261 νομοθετῶν,

166 2270 277 2361 sotera
292 2290 324 2357 iu
356 2307 453 2372 opere
482 2288 560 2371 περὶ
574 2358 577 2367 ,
592 2290 660 2355 τῶν
679 2281 764 2361 ἔπτὰ
794 2290 922 2375 σοφῶν
941 2305 1098 2369 narrasse,
1131 2305 1266 2370 quorum

168 2401 228 2469 hoc
250 2406 396 2483 quatuor,
417 2403 497 2469 illud
520 2420 577 2469 seu
600 2403 766 2470 minimum
786 2402 876 2468 libris
898 2400 1083 2474 coemebat„

286 2510 400 2577 Tribus
433 2514 540 2579 autem
566 2511 642 2578 louis
663 2530 688 2577 c.
704 2516 733 2590 2,
757 2515 787 2590 6,
814 2510 849 2574 ll
879 2510 1073 2592 Hermippus
1104 2508 1226 2576 diserte
1247 2529 1267 2575 a

165 2618 338 2689 Plutarcho
358 2617 518 2705 laudatur.
559 2619 610 2687 Ex
631 2620 754 2689 duobus
773 2620 998 2701 posterioribus
1018 2618 1175 2686 cernimus
1186 2619 1265 2685 Her·

165 2726 306 2809 mippum
332 2728 437 2809 ipsum
469 2731 615 2795 auctores
636 2747 710 2795 suos
732 2729 894 2799 nominare
915 2727 1042 2794 solitum
1077 2744 1154 2793 esse.
1177 2745 1203 2792 e.
1227 2732 1263 2791 11

164 2835 248 2903 enim
281 2837 474 2905 Plutarchus
503 2836 580 2905 dicit
610 2830 820 2921 Hermippum
850 2838 1033 2905 Euanthen
1071 2836 1213 2904 Samium
1239 2836 1263 2918 ¹)

166 2943 264 3011 citare
285 2949 319 3010 et
341 2949 402 3009 cd
423 2946 454 3012 in
476 2945 539 3011 fine
561 2948 752 3015 narrationis
774 2948 814 3015 de
835 2948 956 3014 Solonis
979 2951 1013 3013 et
1033 2944 1176 3013 Thaletis
1203 2946 1264 3011 col·

164 3050 271 3132 loquio
292 3052 397 3119 addit:
423 3055 532 3118 Ταῦτα
551 3054 611 3137 μὲν
634 3041 696 3120 οὖν
714 3050 905 3139 Ἕρμιππος
924 3049 1068 3138 ἱστορεῖν
1091 3073 1173 3139 φησι
1194 3046 1264 3117 Πά·

164 3149 339 3237 ταικονὸς
371 3156 495 3247 ἔφασκε
523 3158 582 3248 τὴν
614 3157 784 3230 Αἰσώπου
814 3160 924 3250 ψυχήν
953 3159 1046 3245 ἔμεν.
1099 3160 1188 3239 Quae
1208 3179 1265 3242 pu·
1333 3206 1338 3220 ·

164 3269 283 3333 suema
315 3267 412 3335 verba
432 3269 634 3351 Plutarchum,
664 3271 718 3351 qui
749 3270 947 3341 decoritate
966 3270 1052 3337 illius
1074 3270 1265 3337 narrationis

163 3390 363 3456 nequaquam
386 3374 521 3455 dubitat,
551 3375 636 3458 apud
655 3375 867 3460 Hermippum
889 3378 1044 3443 inuenisse
1064 3376 1190 3443 videtur
1209 3393 1263 3440 ne·

161 3601 347 3673 Hermippum
364 3601 574 3657 Callimuebium
590 3602 693 3658 librum
710 3608 775 3675 περὶ
792 3603 848 3661 τῶν
864 3605 896 3659 ἐν
913 3586 1026 3677 eundem
1045 3600 1264 3679 διαλαμψάντων

163 3697 360 3767 composuisse,
379 3696 456 3766 quod
477 3700 555 3753 reete
572 3697 731 3752 reiecerunt
749 3697 898 3754 Muellerus
918 3700 937 3756 l.
957 3700 975 3754 l.
998 3705 1083 3769 etque
1102 3701 1130 3755 C.
1149 3686 1264 3757 Waehs·

162 3795 287 3851 muthius
304 3790 426 3864 symbol
448 3792 544 3862 philol.
560 3792 650 3849 Boun.
667 3808 696 3861 p.
710 3794 771 3847 143.
807 3792 860 3848 Ille
878 3794 953 3849 enim
981 3793 1082 3849 titulus
1104 3795 1141 3849 ad
1155 3793 1264 3864 Berytii

163 3910 234 3964 opus
251 3889 416 3947 referendus
431 3893 483 3944 est.
700 3944 705 3954 ,

264 3986 290 4058 1)
305 3986 361 4043 Hie
383 3984 504 4041 fortusse
531 3984 606 4040 idem
631 3989 675 4040 est
703 3990 789 4055 atque
815 3984 958 4042 Euanthen
981 3985 1114 4054 Milesius,
1150 3985 1199 4055 qui
1226 3986 1262 4041 de

162 4087 271 4154 septem
296 4082 470 4153 sapientibus
495 4080 564 4153 egit,
588 4098 606 4135 a
634 4079 731 4139 baert.
756 4080 839 4155 Diog.
861 4079 938 4148 Lib
965 4081 1048 4139 testis
1074 4081 1210 4152 prolatus.
1228 4082 1264 4137 ei.

160 4177 282 4234 Mueller
299 4178 348 4234 111.
367 4180 424 4247 pl
442 4179 501 4230 not.
589 4222 593 4235 .
632 4244 638 4257 θ
762 4230 765 4241 ,
