2892 4675
47 969 49 976 ¹
175 1007 184 1016 ·
244 980 408 1048 Plutarchi
423 981 508 1045 vitae
527 978 615 1043 nobis
636 979 678 1044 ad
699 995 751 1044 res
775 977 922 1057 antiquas
943 972 1172 1057 cognoscendas
1190 991 1256 1038 ma·

162 1092 239 1156 ximi
258 1094 334 1157 sunt
352 1090 509 1167 momenti,
533 1088 676 1169 quamvis
695 1088 779 1152 inter
799 1086 963 1152 historicos
984 1084 1076 1165 parvi
1088 1082 1256 1148 aestimau-

161 1200 292 1280 duslsit.
339 1198 443 1276 Quum
472 1196 554 1261 enim
585 1213 689 1261 mores
720 1193 890 1260 emendare
921 1192 1006 1270 velit,
1037 1209 1100 1255 non
1128 1193 1196 1255 tam
1225 1188 1258 1253 id

135 1291 137 1294 ’
160 1308 236 1391 agit,
258 1313 295 1372 ut
310 1306 438 1388 optimis
459 1304 598 1370 fontibus
619 1303 768 1369 adhibitis
782 1321 829 1383 ea,
850 1306 1036 1385 quaegesta
1058 1304 1140 1377 sunt,
1161 1316 1257 1380 quam

125 1443 128 1452 ,
159 1417 398 1485 accuratissime
429 1419 525 1494 atque
557 1415 611 1492 ita,
646 1416 684 1478 ut
709 1417 872 1495 appareat,
901 1409 1058 1493 quomodo
1094 1426 1146 1474 res
1175 1408 1258 1474 inter

161 1545 195 1593 se
218 1527 416 1603 cohaereant,
439 1527 585 1605 exponat,
616 1539 711 1602 quam
743 1526 781 1586 ut
801 1518 1069 1585 commodissimos
1090 1517 1259 1598 scriptores

162 1637 289 1699 secutus
311 1640 460 1695 naturam
492 1634 525 1694 et
552 1645 655 1693 mores
686 1627 829 1690 virorum
860 1624 1031 1690 illustrium
1062 1624 1128 1690 sine
1157 1624 1205 1689 ira
1226 1629 1260 1689 et

160 1740 263 1807 studio
286 1739 424 1804 delineet
445 1743 541 1818 atque
563 1735 728 1801 describat.
769 1734 877 1798 Fidem
900 1750 974 1800 vero
996 1733 1191 1816 singularum
1214 1733 1259 1798 vi·

159 1854 266 1914 tarum
288 1866 329 1913 ex
358 1846 506 1921 fontibus,
539 1844 652 1924 quibus
679 1862 755 1908 usus
777 1843 826 1922 sit,
848 1842 986 1922 pendere
1008 1847 1152 1924 apparet,
1174 1842 1258 1907 ideo·

159 1975 221 2037 que
241 1973 338 2035 quarn
370 1953 602 2019 accuratissime
629 1950 842 2033 indagandum
866 1953 924 2029 est,
950 1950 1035 2016 unde
1057 1950 1184 2032 singula
1205 1950 1258 2015 de·

80 2052 141 2197 y
158 2065 339 2147 promserit.
362 2049 509 2140 Hanchb
524 2076 651 2123 causam
667 2075 775 2123 omnes
789 2056 871 2121 ritas
885 2056 948 2121 iam
962 2058 1000 2120 Α.
1012 2056 1052 2121 Η.
1064 2056 1100 2121 L.
1113 2056 1258 2123 Heere-

160 2174 252 2237 nius
275 2172 308 2236 in
337 2168 597 2251 disceptationem
617 2165 743 2231 vocavit
773 2165 1088 2231 commentationibus
1118 2169 1258 2245 quatuor

163 2279 221 2344 ode
240 2279 378 2346 lontibus
401 2282 433 2343 et
454 2276 643 2343 auctoritate
665 2275 803 2340 vitarum
825 2274 1052 2357 parallelorum
1074 2274 1256 2341 Plutarchi«

161 2388 286 2467 scriptis
308 2392 405 2466 atque
417 2385 585 2465 Gottingae
608 2404 636 2447 a.
652 2387 817 2448 loro-18
838 2383 939 2448 editis.
962 2382 1023 2448 Sed
1044 2384 1108 2449 levi
1130 2385 1257 2454 brachio

160 2496 221 2560 hoc
242 2496 308 2577 egit
330 2514 367 2560 ac
388 2496 576 2577 plerumque
596 2496 792 2559 enumeravit
821 2500 947 2560 tantum
976 2494 1152 2576 scriptores
1178 2512 1257 2576 quos

160 2602 352 2670 Plutarchus
378 2605 446 2686 ipse
470 2602 573 2682 affert,
603 2603 711 2669 itaut
740 2603 805 2669 sine
832 2604 926 2669 dubio
954 2604 1189 2670 assentiendum
1217 2605 1259 2669 sit

159 2714 274 2780 iudicio
297 2732 391 2795 saepe
405 2713 541 2778 ¹laudato
556 2711 589 2776 0.
605 2712 639 2777 F.
654 2711 775 2778 Herm
789 2713 887 2794 anni,
908 2713 963 2793 qui
979 2712 1059 2795 (Ind.
1080 2711 1151 2778 lect.
1172 2712 1256 2778 univ,

158 2822 262 2889 Marb.
285 2841 313 2888 a.
339 2826 418 2888 1836
440 2840 516 2887 sem.
540 2825 618 2887 aest.
640 2841 671 2903 p.
686 2821 746 2904 III)
772 2822 984 2888 »Haeremus«
1010 2822 1113 2904 inquit
1135 2822 1256 2903 »negle-

162 2931 295 3012 gentius,
318 2948 413 3010 quam
436 2951 496 3013 par
526 2936 612 3011 erat,
641 2932 702 2999 hac
730 2933 891 3014 provincia
911 2931 1038 2999 fundus
1058 2937 1135 2999 estc
1180 2933 1259 2999 Post

160 3038 352 3105 Heerenium
366 3039 557 3105 Graecorum
572 3041 654 3105 vitas
668 3041 845 3123 exploravit
861 3037 1058 3109 Martinus
1072 3042 1258 3125 Haugius

159 3150 249 3226 libro,
269 3148 323 3230 qui
341 3149 537 3214 inscribitur:
559 3148 617 3216 Die
640 3150 773 3228 Quellen
796 3151 965 3217 Plutarchs
987 3152 1019 3216 in
1038 3151 1100 3218 den
1121 3152 1257 3218 Lebens-

162 3254 426 3339 beschreibungen
447 3258 504 3322 der
524 3257 689 3324 Griechen.
724 3257 917 3341 (Gehroente
938 3260 1152 3341 Preisschriit)
1175 3260 1256 3326 Tue-

160 3363 275 3445 bingen
298 3369 388 3430 1854.
432 3364 494 3430 Sed
517 3368 698 3449 saepissime
721 3385 890 3450 perperam
911 3367 1061 3434 iudicavit
1079 3388 1117 3435 ac
1137 3387 1256 3449 nequa·

160 3491 255 3553 quam
279 3476 393 3555 omnia,
415 3480 591 3556 quaesunt
615 3477 646 3541 in
669 3495 773 3555 causa,
796 3478 841 3541 ita
862 3483 1029 3544 exsecutus
1051 3482 1108 3559 est,
1128 3477 1257 3544 utnihil

160 3585 297 3666 amplius
320 3585 542 3651 desideremus.
565 3584 698 3651 Omnino
719 3586 807 3666 liber,
830 3604 892 3667 quo
911 3588 944 3652 in
959 3604 1066 3653 omnes
1080 3606 1137 3653 seu
1157 3586 1255 3652 Grae·

160 3711 267 3760 corum
279 3712 336 3758 seu
345 3693 558 3761 Romanorum
572 3695 596 3778 ¹)
618 3695 701 3762 vitas
720 3696 908 3777 inquiratur,
927 3700 995 3761 tum
1016 3696 1143 3762 demum
1164 3695 1257 3760 scribi

158 3821 250 3884 posse
272 3803 348 3869 mihi
371 3804 506 3889 videtur,
530 3822 628 3891 quum
651 3805 686 3887 is,
719 3806 773 3886 qui
794 3807 970 3886 scripturus
990 3810 1047 3886 est,
1069 3805 1102 3870 in
1125 3804 1256 3887 smguhs

158 3912 232 3979 vitis
253 3913 418 3979 Plutarchi
445 3914 660 3980 narrationem
686 3915 733 3980 ita
753 3919 971 3997 perscrutatus
993 3918 1051 3994 est
1074 3918 1111 3980 ut
1131 3913 1256 3997 singula

232 4090 257 4162 1)
276 4089 318 4147 De
335 4092 532 4146 Hermanni
552 4088 677 4147 Peteri
695 4093 767 4147 libro
786 4092 910 4146 iudicare
932 4109 987 4146 non
1007 4090 1087 4144 huius
1103 4094 1145 4144 est
1163 4089 1226 4145 loci.

1039 4196 1053 4252 1
