2892 4675
723 167 764 238 30

198 350 390 428 convertisse
412 349 542 431 eiusque
562 348 697 432 vestigia
718 350 888 432 praecipue
908 351 1043 432 pressise
1064 352 1141 418 mihi
1161 353 1295 438 videtur,

194 460 242 528 ita
265 463 301 525 ut
319 459 508 542 plerumque
528 458 700 526 Plutarcho
721 458 815 525 fidem
836 459 952 525 habere
963 462 1074 542 possis.
1117 462 1296 531 Dolendum

194 585 269 636 nero
291 573 341 636 est
362 571 507 634 nostrum
533 567 723 649 scriptorem
744 552 902 634 interdum
916 589 1029 652 parurn
1062 571 1229 653 diligenter
1251 572 1296 638 le·

195 676 280 759 gisse
299 681 397 758 atque
418 675 622 757 excerpsisse,
649 676 694 740 ita
717 680 762 756 ut,
786 677 813 742 si
832 676 871 741 ab
902 679 1080 746 oratoribus
1112 680 1216 745 atticis
1242 680 1297 746 lex

195 784 330 852 Solones
350 784 444 850 aliter
464 788 562 864 atque
582 802 602 848 a
623 783 797 849 Plutarcho
807 786 997 867 proseratur,
1021 789 1208 870 plerumque
1222 789 1295 858 huic
1354 841 1360 853 .

194 892 397 962 diffidendum
418 892 468 973 sit,
494 894 649 974 »quinon
671 892 782 960 iisdem
804 894 907 960 verbis
934 895 1019 977 leges
1052 916 1155 981 neque
1183 899 1294 965 eodem

195 1002 303 1074 ordine
321 1003 463 1084 singulas
485 1020 594 1067 earum
616 1006 724 1083 partes
745 1004 878 1069 reddere
908 1006 1005 1070 soleto
1042 1004 1222 1089 (Westerm.
1245 1007 1293 1074 ed.

194 1112 257 1180 Sol.
274 1131 306 1194 p.
330 1109 394 1194 53).
448 1109 597 1176 Fortasse
631 1111 690 1176 hoc
726 1111 886 1178 interdum
918 1131 955 1178 eo
989 1115 1209 1196 exphcandum
1237 1121 1294 1198 est,

194 1219 279 1299 quod
300 1218 491 1288 Plutarchus
513 1236 531 1283 e
552 1219 649 1285 variis
670 1220 890 1302 relationibus,
914 1240 993 1304 quas
1024 1222 1180 1306 Didymus
1211 1243 1293 1291 corn·

193 1330 466 1407 maceraturum
488 1327 585 1410 elegit
605 1345 739 1408 eamque
760 1347 961 1411 nequaquam
976 1332 1245 1398 accuratissimam
1264 1338 1296 1398 et

193 1435 409 1502 senissimum.
452 1436 518 1501 Nec
537 1454 611 1500 vero
634 1436 695 1503 hae
716 1438 916 1508 coniecturae
940 1445 1006 1506 tam
1028 1446 1134 1508 certae
1151 1446 1235 1523 sunt,
1258 1447 1296 1508 ut

194 1543 241 1609 eis
261 1542 343 1608 alias
364 1548 584 1624 superstruere
604 1545 713 1624 possis.
1213 1535 1221 1544 ’

276 1651 441 1717 Nonnullis
463 1656 570 1715 auteur
593 1651 669 1715 locis
680 1650 896 1716 difficillimum
910 1654 971 1717 erit
981 1655 1159 1735 diiudicare,
1181 1662 1289 1722 utrum

194 1759 385 1828 Plutarchus
405 1777 452 1838 aa,
476 1775 558 1839 quae
579 1763 699 1837 narrat,
725 1778 745 1822 a
765 1759 899 1840 Didymo
921 1780 962 1825 an
979 1761 1018 1825 ab
1029 1762 1092 1827 alio
1102 1760 1288 1827 secundario

195 1867 282 1933 fonte
300 1871 465 1933 mutuatus
486 1866 536 1931 sit.
589 1866 679 1944 Quod
704 1885 768 1932 uon
801 1869 960 1950 pertinere
995 1869 1035 1934 ad
1057 1869 1291 1936 Heraclidis

192 1977 308 2046 librum
330 1977 410 2061 περὶ
430 1976 615 2056 πολιτειῶν,
640 1997 680 2044 ex
701 1996 763 2058 quo
778 1984 928 2060 excerpta
949 1980 1105 2060 quaedam
1118 1983 1243 2045 restant
1254 1977 1292 2059 ¹),

193 2086 270 2156 mihi
290 2105 477 2168 persuasum
497 2092 554 2153 est.
589 2087 657 2152 Hic.
671 2085 795 2153 duabus
814 2090 1008 2169 gravissimis
1021 2088 1115 2155 rebus
1130 2106 1201 2153 cunr
1215 2088 1292 2152 Plu·

192 2195 302 2260 tarcho
324 2195 488 2260 consentit.
506 2197 552 2260 Ac
573 2196 709 2276 primum
733 2195 859 2276 quidem
873 2196 996 2261 Solonis
1019 2196 1191 2261 remedium
1206 2196 1291 2277 quod

191 2297 384 2384 σεισάχθεια
406 2309 545 2383 vocatur,
569 2305 674 2386 χρεῶν
695 2293 872 2389 ἀποκοπὴν
898 2304 994 2372 fuisse
1016 2305 1115 2371 tradit
1132 2306 1156 2385 I,
1171 2310 1189 2370 5
1204 2305 1294 2372 velut

192 2414 385 2483 Plutarchus
397 2432 422 2479 c.
437 2418 485 2490 15,
500 2413 611 2478 deinde
624 2432 737 2478 novem
749 2414 916 2481 archontes
929 2415 1133 2481 nominantur
1141 2403 1294 2498 ἄρχοντες

192 2520 444 2605 θεσμοθετικοί,
467 2523 582 2604 quibus
608 2523 769 2588 vocabulis
788 2524 1192 2604 respondetPlutarcheum
1211 2528 1291 2589 θεσ-

192 2629 337 2714 μοθέται
358 2652 383 2698 c.
406 2636 456 2711 25,
482 2633 567 2712 quod
588 2633 776 2713 plerumque
787 2633 829 2697 ad
849 2651 905 2698 sex
928 2638 1105 2713 postremos
1126 2631 1292 2698 archontes

193 2739 403 2821 designandos
422 2744 597 2819 usurpatur
620 2737 672 2820 (cf.
693 2738 820 2803 Boeckh
842 2739 876 2813 C.
897 2739 921 2802 l.
945 2738 982 2803 G.
1005 2740 1021 2804 I
1041 2758 1073 2822 p.
1095 2739 1181 2821 440).
1215 2737 1287 2803 Om-

192 2865 248 2915 ues
278 2865 352 2911 vero
385 2845 552 2911 archontes
586 2843 794 2925 designandos
823 2844 920 2910 tuisse
957 2847 1175 2913 demonstrant
1207 2845 1289 2911 Plat.

191 2955 326 3031 Phaedr.
351 2974 382 3037 p.
404 2953 465 3021 235
489 2954 517 3018 D
539 2958 635 3034 atque
656 2953 772 3019 Pollux
796 2955 881 3035 VIH,
912 2959 961 3020 35.
1014 2955 1062 3021 De
1096 2956 1190 3020 huius
1220 2954 1292 3020 libri

192 3064 312 3147 origine
330 3064 413 3130 iuter
433 3066 517 3129 viros
539 3052 646 3130 doctos
678 3082 794 3145 magua
822 3069 870 3128 est
903 3064 1123 3130 controversia.
1172 3064 1204 3129 Is
1237 3064 1292 3144 qui

193 3173 427 3243 socordissime
448 3174 488 3239 de
509 3173 569 3238 hac
591 3191 626 3237 re
647 3172 804 3249 disseruit,
827 3172 1078 3241 Schneidewinus
1101 3162 1291 3254 (Heraclidis

192 3280 391 3363 Politiaruru,
418 3298 500 3362 quae
523 3286 635 3346 extant
655 3279 743 3346 Gott.
768 3281 862 3367 1847)
889 3285 983 3363 putat
1007 3280 1095 3342 illum
1128 3279 1167 3341 ab
1188 3279 1290 3343 Hera·

194 3390 273 3456 clidc
294 3391 432 3470 quodam
463 3409 503 3455 ex
525 3388 703 3454 Aristotelis
737 3389 855 3471 politiis
889 3390 1068 3467 excerptum
1101 3402 1177 3447 esse.
1231 3382 1289 3446 Oui

193 3499 343 3581 equidem.
358 3498 496 3579 primum
520 3516 674 3578 assensus,
697 3498 782 3579 quod
802 3499 843 3564 ad
863 3496 944 3561 hunc
963 3495 1002 3561 de
1014 3491 1176 3560 Plutarchi
1196 3491 1289 3556 lonti-

193 3610 252 3675 hus
271 3608 487 3690 quaestionem
508 3609 632 3688 attinet,
654 3608 699 3672 ita
720 3608 924 3673 ratiocinatus
935 3624 1022 3670 sum:
1045 3603 1150 3681 Quum
1164 3618 1292 3669 necesse

194 3708 251 3784 aut
272 3723 356 3785 certe
378 3716 639 3782 verisimillimum
662 3717 779 3799 sitilla
801 3712 953 3779 vocabula
983 3714 1101 3797 (χρεῶν
1131 3701 1290 3796 ἀποκοπή

193 3833 289 3909 atque
312 3816 464 3912 ὅρχοντες
478 3822 736 3907 denuntiaturos)
748 3826 843 3892 etiam
855 3822 887 3888 ln
901 3822 1080 3889 Aristotelis
1093 3822 1172 3886 libro
1184 3820 1289 3900 fuisse,

194 3936 357 4029 quaeritur
377 3940 484 4001 utrum
505 3913 696 4001 Plutarchus
718 3953 758 4001 ex
778 3931 955 4000 Heraclidis
987 3932 1066 3998 libro
1095 3949 1136 3996 an
1172 3948 1215 3995 ex
1235 3928 1289 3992 Di-

296 4061 321 4130 1)
338 4060 381 4115 cd.
403 4060 520 4117 Mueller
538 4060 569 4116 F.
587 4059 623 4113 H.
641 4058 673 4113 G.
689 4059 725 4125 11,
745 4060 799 4115 208
820 4077 879 4128 sqq.
