2892 4675
724 142 772 223 tl

197 349 235 402 sc
255 331 423 421 pleresque
450 321 655 421 constituere.
681 322 707 406 c.
726 341 767 404 '31
800 325 907 407 sutem
941 327 1053 412 narrat
1072 343 1294 430 Theophrasto

193 429 277 512 teste
295 445 387 514 illam
418 446 457 513 dc
488 448 728 530 inertlalegem
748 466 811 516 nou
834 455 854 517 s
875 435 990 520 Solone
1010 454 1106 520 secla
1126 455 1293 524 Pisistrato

193 553 292 621 letam
315 573 391 623 esse.
436 556 576 633 Quorum
604 559 855 627 testimoniorum
878 564 967 644 prius
988 565 1103 631 librum
1127 564 1294 649 περὶτῶν

195 657 303 747 (ἑπτὰ)
327 667 444 751 σοφῶν
465 665 531 745 (ils.
561 672 666 748 plo,
690 670 754 749 10),
786 672 942 751 posterius
972 674 1013 740 ael
1043 676 1193 758 scriptum
1214 674 1294 760 περὶ

194 775 390 858 νομοθετῶν
424 774 492 857 (Ua.
524 793 555 856 p.
577 780 607 858 wll,
639 775 691 860 10)
722 778 922 847 referendum
952 782 1096 865 videtur,
1128 783 1187 851 hoc
1218 785 1293 852 vero

193 881 289 947 etiam
314 896 355 944 ex
374 879 455 946 libro
476 873 587 963 νόμων
607 881 689 946 κατὰ
706 888 879 964 σταιχὲῖον·
901 886 971 966 (Ue.
993 906 1023 969 p.
1046 893 1074 969 6,
1092 890 1125 975 5)
1143 892 1193 958 vel
1214 891 1294 978 περὶ

191 985 360 1067 βασιλείας
382 987 450 1071 (Ua.
470 1008 500 1070 p.
523 992 552 1067 4,
574 989 611 1073 4)
634 991 729 1074 [περὶ
746 991 937 1076 τυραννίδος
959 996 1013 1063 Us.
1032 1011 1064 1078 p.
1079 1001 1107 1078 7,
1132 999 1184 1085 lo]
1205 1018 1293 1083 repe·

190 1094 286 1160 titum
307 1114 375 1163 esse
395 1100 511 1177 potest.

185 1239 188 1244 -
291 1204 410 1269 Existit
430 1206 536 1266 autem
555 1203 671 1272 iterum
686 1205 839 1287 quaestio,
862 1212 968 1274 utrum
983 1210 1177 1280 Plutarchus
1198 1217 1294 1298 scrip·

197 1313 337 1393 toribus,
372 1311 411 1375 de
434 1328 497 1391 quo
528 1311 621 1378 modo
642 1314 774 1397 egimus,
808 1316 874 1398 ipse
906 1335 983 1382 usus
1015 1319 1057 1385 eit
1088 1340 1130 1386 an
1147 1340 1187 1387 ex
1207 1323 1296 1392 fonte

195 1420 339 1486 derivato
371 1421 569 1501 compererit,
599 1437 682 1501 quae
712 1423 760 1487 illi
781 1424 990 1491 tradiderunt.
1042 1427 1198 1509 Equidem
1232 1450 1295 1498 non

190 1548 312 1609 vereor,
333 1547 373 1593 ne
388 1548 406 1596 a
421 1547 495 1593 vero
511 1529 656 1595 aberrem
672 1524 836 1598 affirmans
850 1552 923 1598 eum
945 1535 1071 1600 illorum
1095 1540 1294 1604 narrationes

193 1642 225 1705 in
248 1641 315 1706 eius
334 1639 424 1705 libris
448 1641 611 1719 iuvenisse,
641 1657 734 1719 quem
757 1648 887 1720 praeter
905 1642 1052 1708 Solonem
1073 1651 1108 1707 et
1120 1645 1290 1725 Didymum

189 1750 321 1815 tertium
347 1752 507 1814 auctorem
526 1745 690 1827 adhibuit,
712 1748 732 1811 i
757 1765 783 1827 e,
808 1746 1028 1831 Hermippo·
1052 1750 1087 1832 ¹).
1122 1750 1171 1814 De
1193 1749 1288 1815 huius

191 1862 297 1924 setate
319 1862 416 1937 atque
438 1839 526 1922 libris
539 1855 646 1921 uariae
667 1861 743 1922 sunt
765 1856 905 1922 virorum
928 1856 1088 1922 doctorum
1110 1857 1289 1939 discrepan-

187 1970 301 2046 tesque
329 1965 515 2031 sententiae.
561 1965 606 2031 Ac
627 1966 772 2047 plerique
794 1965 922 2046 quidem
954 1967 1071 2046 putant
1091 1983 1163 2031 eum
1185 1964 1290 2046 Smyr·

187 2091 303 2139 naeum
338 2073 468 2158 (Athen.
494 2075 563 2154 VII,
596 2079 656 2139 327
687 2076 724 2158 Ο)
758 2081 855 2156 atque
889 2074 1073 2140 Callimachi
1104 2074 1291 2154 discipulum

188 2176 444 2267 (Καλλιμάχειον
479 2183 594 2248 Athen.
608 2183 639 2247 II
664 2202 695 2264 p.
710 2184 794 2263 581²,
819 2183 848 2246 V
880 2202 910 2263 p.
924 2182 1031 2262 213F,
1062 2180 1120 2246 XV
1139 2179 1291 2263 p.696F⁷)

189 2291 285 2357 fuisse
305 2296 402 2373 atque
419 2292 608 2358 Ptolemaeis
629 2292 724 2357 tertio
747 2297 779 2357 et
801 2296 916 2372 quarto
938 2291 1145 2373 regnantibus
1167 2292 1291 2359 unisse.

190 2400 353 2466 Nauckius
374 2401 614 2467 veroPhilol.V
640 2400 752 2484 (1850)
775 2416 807 2483 p.
820 2406 880 2466 692
893 2418 962 2482 sqq.
985 2403 1154 2483 praecipue
1173 2403 1293 2468 Laertii

191 2511 341 2594 Diogenis
362 2511 430 2577 loco
454 2508 520 2591 (VI,
541 2514 581 2589 99
604 2508 643 2575 ir.
666 2513 706 2574 39
722 2508 781 2593 Μ.)
804 2510 899 2589 nisus,
928 2528 969 2574 ex
987 2526 1051 2590 quo
1073 2515 1207 2591 apparet
1226 2512 1292 2577 Me·

190 2620 322 2701 nippum
344 2618 494 2700 Cynicum
519 2617 651 2684 cirues.
676 2623 738 2682 140
760 2618 916 2683 viventem
940 2615 992 2699 (cl.
1014 2617 1132 2684 Oehler
1143 2617 1292 2686 Varronis

190 2727 297 2793 Satur.
326 2729 436 2808 reliqq.
460 2745 490 2809 p.
505 2731 544 2790 41
558 2727 642 2807 sqq.)
666 2727 705 2792 ub
717 2722 890 2806 Hermippo
911 2731 1194 2792 commemoratum
1214 2744 1290 2810 esse,

190 2837 314 2902 coniicit
347 2836 555 2917 Hermippum
579 2832 816 2899 Callimachium
839 2830 973 2898 cundem
1001 2850 1069 2900 esse
1093 2840 1189 2917 etque
1211 2837 1291 2903 Her·

191 2944 331 3026 mippum
354 2944 525 3027 Berytium
548 2944 690 3011 Philonis
712 2942 814 3024 Byblii
834 2942 1033 3025 discipulum,
1056 2945 1110 3026 qui
1131 2942 1293 3012 Hadriano

190 3056 345 3133 regnante
374 3053 462 3130 vixit,
493 3052 538 3118 ita
564 3052 796 3119 ratiocinatus:
829 3048 934 3127 Quum
969 3050 1115 3117 Laertius
1135 3052 1293 3134 Diogenes

189 3161 375 3242 saepissime
393 3160 603 3241 Hermippum
622 3158 806 3242 cognomine
826 3175 889 3222 uon
911 3157 1019 3224 addito
1040 3161 1123 3239 citet,
1147 3163 1288 3225 statuen-

190 3269 266 3335 dum
291 3277 339 3336 est
364 3288 435 3335 eum
448 3270 544 3337 etlam
566 3270 624 3336 hoc
646 3272 714 3336 loco
727 3268 863 3335 eundem
874 3275 987 3335 testem
1011 3269 1161 3350 proferre.
1185 3267 1289 3345 Quum

190 3380 288 3463 igltur
311 3378 362 3443 hic
372 3380 564 3462 Hermippus
584 3380 651 3446 sine
672 3378 767 3445 dubio
785 3378 932 3461 Berytius
952 3376 1006 3441 ille
1025 3376 1075 3455 sil,
1095 3378 1148 3455 qui
1170 3374 1286 3439 librum

191 3486 270 3571 περὶ
296 3490 363 3551 τῶν
392 3486 425 3552 ἑν
451 3487 586 3575 παιδείᾳ
612 3483 870 3574 &conpauperatus
885 3514 887 3521 ·
901 3480 1026 3553 δούλων
1045 3484 1072 3567 ¹)
1104 3484 1288 3566 composuit,

195 3597 279 3664 idem
303 3596 581 3665 omnihus—ceteris
602 3597 677 3664 locis
696 3597 822 3663 citatur.

295 3779 320 3855 l)
336 3776 485 3847 Hermippi
502 3774 662 3849 ,magmenta
684 3774 843 3835 modulo.
861 3773 1002 3844 Lozpnald
1012 3774 1093 3855 Bopn
1105 3774 1182 3855 1832.
1203 3773 1294 3829 Muel-

193 3873 449 3945 mnpffiw
665 3944 668 3957 Ι

193 4036 196 4045 ,
294 3970 322 4040 2)
344 3969 382 4024 Et
400 3966 549 4038 Menippus
566 3967 595 4020 et
612 3956 784 4034 Hermippus
804 3961 934 4033 Berytius
952 3962 1026 4043 servi
1043 3965 1142 4051 'erana
1161 3950 1292 4017 Ceterum

193 4064 320 4136 plerique
338 4081 374 4118 ox
394 4062 487 4132 Etym.
504 4048 554 4116 M.
574 4081 601 4132 p.
613 4063 674 4131 ns,
696 4062 725 4116 11
746 4059 791 4130 (ir.
811 4062 844 4114 72
852 4059 900 4130 Μ.)
929 4073 1077 4129 perperam
1094 4050 1294 4112 concluserunt
