2892 4675
702 200 743 272 11

172 390 320 452 ut-suan
343 382 456 465 agendi
474 382 629 454 rationem
653 382 770 448 civibus
789 382 938 464 probaret
963 390 1060 466 01000
1080 402 1134 450 000
1156 384 1262 451 admo-

172 499 264 562 neret
294 495 346 558 vel
374 493 578 574 vituperaret.
629 490 720 570 Quod
750 511 825 558 vero
852 494 1043 561 Plutarchus
1069 495 1165 575 00010
1193 499 1266 576 0001

172 602 397 667 commemorat
427 599 593 664 nonnullos
622 598 724 665 dicere
746 599 893 666 Solonem
920 620 1104 684 aggressum
1133 620 1201 668 esse
1222 604 1265 669 ad

171 711 260 790 leges
279 709 421 775 versibus
442 707 647 774 includendas
668 714 765 789 atque
785 711 911 775 eosdem
937 710 1061 776 initium
1079 713 1173 778 huius
1193 729 1266 793 opo·

171 821 215 886 ris
235 819 340 901 (1031
364 818 412 883 01.
437 816 566 901 Bergk.)
588 820 759 884 memoriae
779 820 921 900 prodere,
953 837 1015 885 non
1041 821 1160 901 dubito,
1192 822 1268 903 quin

173 927 251 996 illud
280 945 361 1008 0000
392 929 642 994 commenticium
670 930 720 994 sit.
774 929 962 996 Dunclrerus
991 935 1108 1011 autem,
1141 932 1197 1012 001
1225 931 1269 995 illi

173 1037 347 1104 narrationi
374 1035 467 1103 fidem
500 1036 596 1104 habet
624 1039 687 1103 vol.
705 1039 751 1104 IV
782 1058 814 1120 p.
839 1044 898 1103 209
920 1039 1111 1106 haecdicit:
1157 1039 1271 1107 »Solon

172 1144 550 1216 100001000000000100
574 1147 649 1213 oder
671 1147 825 1213 vielmehr
845 1147 1269 1215 diewesentlicbenBestim·

173 1273 312 1337 mungen
333 1255 497 1323 derseiben
516 1258 575 1323 mit
596 1256 685 1322 ihren
705 1256 891 1338 politischen
913 1257 977 1322 und
999 1258 1158 1324 sittlichen
1177 1258 1270 1324 Moti·

174 1384 234 1432 ren
253 1365 286 1430 in
309 1365 360 1430 ein
383 1364 516 1432 Gedieht
540 1384 602 1432 von
624 1371 706 1432 5000
720 1367 869 1433 Versanc
893 1367 1039 1448 Apparet
1059 1385 1131 1433 aum
1151 1366 1272 1459 Laertii

174 1475 322 1557 Diogenis
343 1475 440 1541 verba
463 1474 569 1560 (101)
592 1478 675 1542 0010
694 1477 895 1556 intellexisse,
927 1476 981 1556 001
1012 1475 1135 1543 8010010
1155 1477 1272 1561 elegias

175 1584 313 1666 quinque
335 1584 457 1650 milium
476 1602 625 1652 versuum
646 1584 742 1649 fuisse
763 1584 847 1648 dicit.

258 1695 327 1760 Iam
348 1693 437 1759 nobis
457 1693 624 1760 tractanda
645 1696 719 1757 sunt
741 1711 780 1758 ea
809 1693 959 1771 carmina,
990 1709 1072 1771 0000
1092 1689 1268 1778 Ὑποθῆ-

176 1827 239 1870 και
260 1799 317 1879 εἰς
336 1794 590 1887 Ἀθηναίους
611 1802 833 1868 inscribuntur.
878 1798 1019 1878 Quorum
1042 1800 1268 1882 antiquissimo,

176 1912 566 1980 circummanentem.
590 1913 650 1994 leg.
675 1932 706 1995 0.
719 1916 779 1978 411
804 1917 930 1980 servato
952 1910 1037 1994 (10.4
1061 1910 1109 1976 eb
1131 1909 1269 1992 Bergk),

176 2023 261 2105 quod
281 2027 355 2089 0010
376 2023 606 2106 legislationem
628 2022 779 2103 scriptum
793 2021 927 2101 videtur,
940 2020 1037 2087 Solon
1056 2020 1271 2086 calamitatem

176 2134 356 2199 tenuiorum
378 2131 540 2197 hominum
561 2150 633 2197 aere
657 2131 759 2196 alieno
779 2131 964 2196 obrutorum
990 2129 1146 2197 describit
1200 2128 1273 2195 Sine

177 2241 272 2308 dubio
294 2238 466 2307 Plutarcho
487 2241 607 2307 Solonis
628 2258 739 2305 versus
760 2244 800 2306 23
816 2258 903 2320 000.;

672 2353 740 2416 τῶν
763 2349 799 2416 δὲ
820 2352 984 2432 πενιχρῶν

344 2454 508 2526 ἱκνοῦνται
525 2460 646 2526 πολλοὶ
665 2465 760 2546 γαῖαν
779 2460 812 2539 ἐς
834 2453 1023 2546 ἀλλοδαπήν

343 2567 528 2655 πραθέντες
550 2569 703 2654 δεσμοῖσί
723 2573 752 2634 τ’
777 2561 968 2634 ἀεικελίοισι
991 2567 1144 2644 δεθέντες

345 2682 400 2747 καὶ
419 2675 502 2746 κακὰ
524 2676 722 2767 δουλοσύνης
750 2677 868 2765 στυγνὰ
888 2679 1027 2768 φέρουσι
1049 2678 1107 2766 βίᾳ

178 2797 252 2858 0010
273 2793 380 2858 000100
401 2792 519 2858 versati
541 2796 616 2856 suut
636 2791 714 2856 baec
736 2790 884 2856 scribenti
907 2794 1001 2856 c.13:
1023 2779 1182 2872 ἄγδγιμοι
1203 2789 1275 2864 τοῖς

183 2900 383 2984 δανείζουσιν
404 2885 497 2985 ἦσαν,
516 2894 548 2966 οἳ
568 2899 627 2984 μὲν
648 2890 748 2964 αὐτοῦ
768 2892 886 2964 oculei
890 2921 982 2976 οντες
998 2891 1031 2963 οἳ
1041 2897 1070 2962 δ’
1084 2895 1141 2962 ἐπὶ
1150 2898 1190 2985 τῇ
1205 2894 1278 2984 ξένῃ

180 3005 443 3096 πιπρασκόμενοι
457 3011 491 3095 1).
647 3082 650 3095 Ι

263 3122 314 3189 Ex
336 3123 406 3189 aliis
427 3129 500 3205 0001
518 3123 752 3207 legislationem
774 3118 952 3201 0000001110
974 3115 1174 3194 carminibus,
1211 3114 1278 3194 qui·

180 3236 241 3303 bus
260 3230 356 3299 solon
379 3232 418 3300 de
441 3232 500 3299 hac
522 3233 597 3315 agit,
618 3233 809 3298 Plutarchus
830 3228 995 3295 nonnullos
1013 3225 1183 3307 0000010οε
1214 3242 1278 3290 me·

180 3343 348 3413 monobiles
369 3362 477 3409 versus
499 3348 576 3409 015
599 3341 644 3425 (0.
657 3347 727 3408 344.
742 3346 802 3408 445
814 3340 864 3415 R.)
888 3357 914 3403 c.
929 3341 966 3402 10
991 3335 1035 3417 (0.
1051 3332 1176 3416 34811.)
1201 3335 1278 3398 018

182 3454 226 3537 (0.
240 3453 348 3521 35111.
370 3452 504 3536 1058.)
527 3451 627 3517 affert.
687 3450 760 3516 Duo
794 3447 914 3530 priores
947 3444 1007 3511 loci
1030 3462 1048 3508 e
1069 3442 1190 3509 Solonis
1211 3457 1277 3505 car·

183 3562 267 3631 mine
287 3562 439 3631 trimetris
460 3560 600 3628 iambicis
623 3566 728 3642 pacto,
761 3559 845 3641 qnod
870 3555 956 3637 apud
974 3552 1144 3620 Aristidem
1166 3549 1205 3629 II,
1220 3550 1280 3614 356

256 3752 281 3818 1)
301 3746 430 3803 Solonem
449 3746 497 3815 qui
515 3746 612 3815 populi
630 3745 714 3799 duces
737 3738 840 3814 (δήμου
859 3735 1009 3812 ἡγεμόνας)
1037 3736 1120 3792 valde
1141 3735 1283 3802 vituperat

184 3863 250 3902 nau
259 3861 386 3900 craros
406 3843 551 3911 designare
564 3844 646 3909 atque
659 3845 756 3910 petere
766 3842 847 3908 00101
858 3835 994 3906 Bergkius
1007 3833 1040 3889 N.
1051 3827 1281 3887 Jahrb.f.Philol.

185 3943 283 3998 00165
305 3942 397 4009 (1852)
415 3958 443 4009 0.
455 3942 516 4005 388,
535 3938 609 4008 qnod
629 3937 757 4006 equidem
775 3951 831 3988 non
850 3934 949 4003 probo.
992 3930 1048 3984 Sed
1065 3945 1149 3999 quum
1168 3926 1280 3981 omnino

185 4038 221 4093 de
238 4038 282 4093 his
298 4038 398 4092 miram
416 4036 540 4106 proferat
571 4035 739 4105 opinionem,
769 4033 895 4103 longiore
925 4045 995 4099 0000
1013 4030 1057 4081 001
1086 4024 1281 4093 (110001011000,

187 4128 337 4203 00001010
356 4130 417 4187 loca
436 4146 492 4186 nou
511 4133 583 4202 apta.
