2892 4675
719 221 759 302 28.

187 402 271 468 enim
292 401 485 468 Plutarchus
502 402 570 468 sine
605 402 700 468 dubio
730 401 779 467 his
814 403 895 483 petit
915 403 1018 469 verbis
1042 409 1134 471 ο.24;
1169 396 1229 470 οὐκ
1246 399 1286 471 ἂν

188 496 247 576 οὖν
269 505 483 597 τιςὴγίγσαιτο
505 510 674 592 παντελῶς
696 503 885 590 ἀπιθάνους
904 507 981 590 τοὺς
995 512 1145 598 λέγοντας
1160 508 1210 580 ὅτι
1232 514 1307 588 καὶ,

185 614 296 687 σύκων
316 615 458 706 ἐξαγωγὴ
479 613 517 688 ab
539 615 682 686 παλαιὸν
701 612 860 706 ἀπείρητο
883 621 937 686 καὶ
966 617 1004 687 τό
1037 620 1165 709 φαίνειν
1185 621 1286 689 ἐνδει-

184 723 339 812 κνύμενον
358 725 435 806 τοὶς
456 722 626 813 ἐξάγοντας
648 729 809 813 κληθῆναι
831 734 1059 817 συκοφαντεῖν.

212 881 223 908 ι
264 838 301 918 Ia
322 838 379 904 illo
402 839 483 904 libro
506 838 658 919 Didymus
680 839 777 905 otiam
799 860 836 910 ea
859 841 1079 921 composuisse,
1105 842 1278 921 quaerarii

183 948 351 1029 scriptores
384 948 423 1014 dc
447 940 578 1029 κύρβεσι
601 947 780 1027 tradebant,
804 953 902 1030 atque
926 950 1020 1029 locos,
1043 950 1158 1031 quibus
1178 950 1210 1013 id
1230 968 1283 1015 vo·

184 1056 331 1123 cahulnm
362 1053 446 1136 apud
472 1055 604 1121 comicos
636 1056 869 1137 inveniebatur,
903 1062 936 1122 et
967 1059 1050 1123 inter
1082 1059 1162 1124 elios
1189 1060 1284 1124 etiam

185 1162 336 1230 Cratini
351 1181 507 1231 versusa
529 1165 702 1231 Plutarcho
724 1184 750 1230 c.
775 1171 814 1230 25
838 1172 1101 1233 commemoratos
1125 1168 1285 1250 (Meinelce

183 1272 221 1338 fr.
241 1290 321 1338 com.
345 1292 393 1354 gr.
409 1274 444 1339 Π
465 1293 496 1355 p.
519 1277 596 1357 218)
620 1275 765 1341 attulisse
787 1276 922 1341 videtur.
949 1277 1286 1359 Polemonemquo·

183 1400 245 1464 que
273 1384 408 1452 etatum
440 1403 508 1451 esse
541 1385 708 1452 verisimile
738 1389 796 1464 est,
826 1404 920 1467 quem
952 1386 1161 1468 Harpocratio
1199 1406 1223 1453 s
1256 1407 1284 1451 a

183 1480 276 1572 ἷίξονι
312 1492 496 1575 (Didymum
530 1493 669 1573 secutus)
706 1499 822 1561 testem
865 1495 1023 1575 producit:
1066 1488 1096 1559 oi
1134 1489 1286 1571 Σόλωνος

182 1594 284 1683 νόμοι,
302 1599 336 1665 ἐν
357 1600 495 1681 ξυλίνοις
517 1587 599 1684 ἦσαν
619 1591 714 1679 ἄξοσι
735 1599 956 1683 γεγραμμένοι·
993 1588 1181 1684 ἤσανδὲοῖς
1202 1624 1284 1688 φησι

181 1706 345 1789 Πολέμων
367 1707 401 1773 ἐν
420 1710 491 1783 τοῖς
511 1705 597 1787 ιιρός
614 1698 850 1792 Ἐρατοσθένην
881 1701 1078 1790 τετράγωνοι
1097 1703 1136 1771 τό
1160 1709 1280 1790 σχῆμα

181 1811 392 1898 διασώζονται
413 1806 443 1879 δ’
465 1813 499 1879 ἒν
527 1816 574 1900 ro*
601 1812 796 1900 πρυτανείῳ.
839 1815 927 1881 Ηοθο
946 1820 1106 1896 postrema
1132 1814 1230 1880 verba
1261 1832 1281 1880 a

181 1926 352 1992 Plutarcho
382 1925 590 2007 transscripta
610 1928 764 2008 leguntur
797 1945 822 1993 c.
849 1930 888 1989 25
914 1910 961 1989 ὦν
990 1921 1039 1990 ἔτι
1060 1916 1223 2010 καθ’-ἡμᾶς
1251 1922 1285 1987 ἐν

181 2030 364 2118 πρυτανείῳ
381 2031 522 2117 λείψανα
542 2026 642 2115 μικρὰ
663 2027 847 2116 διεσώζετο.
880 2033 964 2098 Num
985 2033 1031 2112 iis,
1057 2050 1139 2114 quae
1155 2033 1284 2098 Plutar-

182 2143 259 2210 chus
284 2143 380 2223 addit,
405 2142 499 2208 fidem
521 2142 637 2208 habere
658 2143 762 2219 liceat,
786 2160 859 2206 cum
880 2142 984 2206 Roseo
1005 2139 1099 2205 valde
1121 2140 1284 2207 dubitave-

180 2251 250 2316 rim.
293 2250 503 2333 Nequaquam
526 2267 599 2316 vero
621 2249 827 2314 statuendum
857 2252 907 2313 est
929 2248 1139 2313 Plutarchum
1162 2248 1284 2317 Solonis

180 2361 266 2443 leges
287 2364 391 2444 ipsum
410 2362 533 2442 vidisse,
554 2361 586 2427 id
606 2360 691 2441 quod
712 2358 887 2433 Hemoniae
910 2379 941 2441 p.
964 2362 1003 2423 27
1028 2363 1126 2440 atque
1146 2358 1283 2426 Groteus

179 2469 220 2551 11,
241 2489 271 2552 p.
293 2474 333 2536 70
353 2471 546 2537 existimant,
589 2469 691 2534 Immo
714 2471 841 2533 tantum
868 2467 966 2547 abest,
999 2471 1035 2533 ut
1064 2485 1119 2533 eas
1148 2467 1216 2548 ipse
1239 2468 1283 2531 vi·

180 2577 271 2660 derit,-
293 2583 330 2645 ut
348 2598 388 2646 ne
407 2578 587 2649 Aristotelis
616 2577 744 2659 quidem
765 2576 865 2641 libros
883 2575 951 2657 ipse
972 2576 1094 2658 legerit,
1118 2576 1172 2658 qui
1194 2594 1284 2642 accu-

181 2687 340 2756 ratissime
357 2688 399 2757 de
420 2689 466 2755 eis
488 2694 607 2769 egeret,
630 2688 685 2752 sed
696 2687 764 2750 eius
784 2685 844 2749 viri
855 2684 938 2750 docti
957 2683 1073 2748 librum
1085 2684 1282 2766 excerpserit,

182 2794 236 2876 qui
254 2795 282 2860 ei
302 2796 408 2865 omnia
419 2796 633 2876 expediverat.

267 2902 422 2980 Quoniam
444 2919 519 2969 vero
541 2906 636 2967 antea
659 2917 763 2966 sermo
785 2900 824 2964 de
845 2897 1014 2966 Polemone
1035 2899 1155 2979 incidit,
1187 2897 1283 2963 liceat

181 3011 264 3079 illico
285 3012 496 3078 coniecturam
519 3014 686 3091 annectere
707 3008 870 3075 Plutarchi
893 3009 991 3074 verba
1010 3029 1035 3074 c.
1057 3011 1095 3073 10
1107 3005 1162 3070 καὶ
1180 3005 1285 3092 δῆμον

183 3113 356 3203 ἐπώνυμον
372 3117 507 3185 Φιλαίου
528 3120 594 3183 τῶν
606 3117 772 3183 Φιλαϊδῶν
791 3112 929 3199 ἔχουσιν,
945 3111 1027 3183 ὅθεν
1038 3102 1077 3203 ἦν
1087 3111 1285 3197 Πεισίστρα-

181 3231 455 3308 rogaPolemonis
464 3231 555 3310 libro,
573 3229 627 3311 qui
639 3228 869 3294 inscribebatur
879 3218 1045 3313 ἀναγραφὴ
1058 3227 1124 3289 τῶν
1152 3217 1280 3288 ἐπωνύ-

181 3361 254 3421 μων
272 3339 338 3405 τῶν
353 3332 464 3422 δήμων
476 3337 531 3402 καὶ
551 3336 665 3424 φυλῶν
689 3334 742 3418 (el.
766 3335 945 3401 Prellerum
966 3352 997 3414 p.
1017 3327 1281 3410 41.l,repetenda

182 3465 259 3515 essa.
302 3444 495 3513 Crediderim
517 3452 626 3511 autem
649 3444 745 3510 etiam
766 3442 826 3507 hoc
855 3460 926 3508 eum
962 3459 1020 3522 per
1038 3437 1207 3520 Didymum
1229 3454 1279 3501 ac-

182 3555 308 3636 cepisse,
343 3555 398 3634 qui
443 3554 561 3621 librum
594 3553 788 3636 peculiarem
822 3550 962 3616 eiusdem
989 3548 1076 3619 ticoh
1105 3546 1283 3630 composuit

184 3662 236 3745 (cf.
259 3661 467 3731 M.-Schmidt
498 3682 529 3745 p.
553 3662 627 3745 352)
659 3665 757 3743 atque
788 3659 924 3727 tortasse
951 3659 1153 3724 Polemonem
1179 3655 1282 3741 imita·

182 3775 237 3837 tus
257 3774 314 3836 aut
336 3775 421 3839 certe
444 3790 480 3836 eo
497 3789 579 3838 usus
603 3775 660 3838 est.
706 3768 768 3836 Sed
789 3770 849 3836 hoc
883 3770 978 3835 etiam
1012 3767 1044 3831 in
1073 3766 1135 3830 alio
1156 3763 1282 3845 Didymi

182 4067 210 4116 ol
224 4062 423 4123 κατοικοῦντες·
453 4071 498 4118 καὶ
524 4067 584 4118 ἐπεὶ
597 4066 704 4117 ’πολλοὶ
721 4064 912 4131 ἐνεφανίζοντο
930 4060 1146 4121 διακλέπτοντες,
1170 4056 1198 4107 οἵ
1215 4047 1279 4109 τοὺ·

181 4176 242 4218 τους
259 4153 413 4231 μηνύοντος-
424 4167 480 4219 coir
495 4162 643 4217 diederada
656 4153 810 4223 ardeam
827 4150 887 4208 τότε
905 4153 1014 4223 τοῦτον
1033 4146 1210 4221 συκοφάντου
