2892 4675
737 202 778 268 26

210 380 334 447 Solonis
354 384 420 449 vita
440 382 661 449 conscribenda
684 386 847 453 commode
867 387 914 451 uti
948 390 1096 469 potuerit,
1131 395 1168 455 01
1188 392 1308 458 Ariste·

208 492 281 558 telis
300 491 468 558 adhibendi
488 492 846 580 laboresupersederet,
880 500 1018 579 primum
1047 500 1114 565 eius
1147 520 1306 584 gramm·

208 600 263 665 tici
281 598 371 666 nobis
391 603 422 666 in
444 607 582 668 mentem
611 605 719 670 venire
738 606 902 687 oportebit,
933 626 1026 688 quem
1054 610 1245 700 Plutarchus
1274 612 1307 678 in

207 708 311 774 100010
333 710 418 776 01100
436 713 551 792 posuit,
577 712 737 796 Didymi
760 715 966 783 Chalcenteri.
1000 719 1109 783 »Hunc
1131 719 1227 785 tacite
1249 739 1304 785 ex-

206 818 342 898 pilatum
362 838 434 886 0000
453 821 493 886 ab
515 822 703 902 Herodiano,
728 823 900 904 Athenaeo,
915 824 1098 907 Plutarcho,
1115 827 1216 894 Plinio
1233 848 1306 896 con·

207 933 287 1009 0101;
309 928 403 994 huius
422 948 475 995 ore
497 932 672 1011 loquuntur
693 936 850 1012 quotquot
871 935 1046 1001 evolvimus
1062 936 1164 1001 lexico
1184 938 1303 1018 glossa-

207 1055 319 1103 rumye
347 1039 516 1120 congeries,
546 1043 701 1120 quotquot
729 1058 826 1105 manu
848 1060 1012 1108 versamus
1029 1044 1305 1112 scholiornmcol-

207 1147 376 1214 lectionesa
391 1147 424 1228 ¹).
467 1148 568 1228 Hunc,
591 1148 748 1216 Ciceronis
771 1152 946 1230 aequalem,
972 1152 1067 1217 etiarn
1089 1154 1206 1220 librum
1228 1155 1306 1239 περὶ

206 1257 273 1321 τοῖν
293 1246 421 1338 οἷξόνων
459 1259 527 1321 τῶν
551 1252 741 1341 adlevare)
774 1265 883 1325 contra
908 1261 1125 1343 Asclepiadem
1148 1265 1306 1344 quendam

206 1367 375 1447 scripsisse,
404 1367 459 1447 qui
479 1361 519 1429 τὰ
539 1369 605 1430 τῶν
627 1358 754 1447 ἀξόνων
777 1362 944 1453 cappatus
975 1377 1203 1453 composuerat,
1232 1374 1304 1438 Plu·

209 1473 339 1541 tarchus
360 1471 421 1540 801.
444 1480 499 1540 0.]
523 1479 669 1540 testatur.
715 1474 793 1551 Quis
814 1478 1016 1560 Asclepiades
1050 1479 1101 1545 hic
1127 1480 1231 1560 suerit,
1260 1483 1306 1546 in·

206 1586 328 1648 certum
358 1582 577 1665 001110010000
606 1581 624 1648 ὁ
644 1575 874 1666 Ἀλεξανδρεύς
901 1587 996 1652 schol.
1020 1589 1179 1671 Arist-oph.
1201 1589 1305 1655 Nubb.

206 1695 246 1756 37
270 1690 308 1756 01.
328 1690 430 1757 Lehrs
448 1692 620 1758 Herodiani
643 1695 760 1776 scripta
781 1696 844 1759 1010
867 1714 897 1776 p.
913 1694 999 1776 446).
1027 1694 1170 1775 Didymei
1193 1701 1302 1761 autern

208 1799 280 1866 libri
302 1804 419 1865 natura
438 1805 471 1866 01
492 1801 612 1867 indoles
634 1802 738 1882 qualis
760 1802 856 1868 fuerit
878 1802 1069 1884 ignoramus,
1090 1802 1146 1866 sed
1168 1802 1302 1868 10010000

205 1907 288 1988 inde,
319 1907 404 1989 quod
424 1907 596 1974 Plutarcho
622 1914 704 1975 teste
727 1911 766 1976 de
790 1909 912 1976 8010010
933 1915 1024 1992 00100
1048 1910 1121 1990 egit,
1154 1910 1304 1989 colligere

205 2018 280 2083 licet
297 2035 368 2082 0010
392 2036 456 2084 000
477 2020 579 2083 solum
599 2018 774 2085 deSolonis
794 2019 917 2100 legibus
937 2018 993 2084 sed
1014 2019 1110 2083 etiam
1133 2017 1173 2084 de
1194 2018 1305 2084 multis

95 2209 99 2216 .
205 2126 246 2192 ad
268 2124 389 2192 801οο10
408 2127 506 2191 vitam
529 2125 758 2206 pertinentibus
781 2125 876 2190 rebus
896 2126 1082 2206 disputasse.
1114 2125 1204 2203 Quod
1229 2145 1304 2193 vero

204 2234 359 2316 Didymus
379 2235 634 2300 commemoravit
655 2233 828 2298 Philoclem
862 2233 1020 2314 quendam
1032 2237 1058 2313 ⁸)
1093 2235 1196 2302 dicere
1217 2234 1304 2301 8010-

203 2362 275 2411 nem
300 2343 594 2427 (nonExecestidae
617 2343 683 2420 sed)
704 2342 914 2424 Euphorionis
935 2342 1035 2409 filium
1056 2363 1134 2425 esse,
1159 2345 1233 2412 huic
1255 2346 1304 2412 rei

203 2453 282 2518 nihil
301 2452 503 2527 tribuendum
524 2458 582 2519 est.
605 2453 655 2518 Ex
676 2453 733 2519 1110
754 2458 861 2518 autem
872 2453 997 2535 Didymi
1014 2453 1095 2518 libro
1116 2454 1183 2518 sere
1200 2455 1303 2519 omnia

204 2580 351 2631 manasse
371 2562 448 2627 mihi
473 2562 629 2643 videntur,
653 2580 736 2643 quae
758 2544 951 2628 Plutarchus
971 2563 1011 2628 de
1033 2562 1194 2628 1001110110.
1206 2567 1239 2628 01
1258 2564 1303 2637 10,

205 2670 305 2752 gibus
319 2670 428 2736 tradit.
484 2673 591 2751 Atque
612 2670 684 2735 huic
706 2671 882 2749 quaestioni
903 2672 1029 2752 egregie
1056 2671 1140 2736 viam
1166 2670 1300 2739 munivit

204 2779 391 2846 Valentinus
412 2780 505 2846 Rose.
562 2779 622 2857 uui
643 2779 850 2847 Plutarchum
871 2778 998 2860 Didymi
1019 2780 1136 2845 librum
1157 2784 1301 2846 secutum

202 2907 272 2956 esse
293 2887 467 2955 arbitratur
487 2889 520 2954 in
540 2890 650 2973 ecloga
677 2889 733 2955 illa
752 2892 784 2953 et
805 2905 938 2953 censura
962 2887 1070 2969 legum
1093 2888 1301 2954 Solonearum

205 2996 406 3080 (0.19-14),
427 3015 510 3078 quae
533 2998 670 3085 maxime
692 2996 854 3061 mirabiles
873 3001 987 3076 essent,
1018 3002 1115 3077 atque
1132 2996 1302 3078 Didymum

203 3106 308 3188 ipsum
329 3106 498 3189 praecipue
519 3125 612 3174 usum
632 3125 700 3173 esse
723 3105 896 3171 Demetri
915 3105 1100 3171 Phalerei
1121 3103 1201 3170 libro
1223 3103 1301 3187 περὶ

204 3217 265 3301 τῆς
284 3209 444 3302 Ἀθήνησι
462 3215 662 3300 νομοθεσίας
673 3216 718 3298 ⁴):
738 3213 833 3281 huius
852 3213 935 3279 enim
955 3219 989 3281 et
1002 3213 1203 3280 Atheniensis
1226 3211 1303 3296 (non

276 3444 302 3512 l)
318 3442 355 3499 01.
372 3442 410 3497 Μ.
429 3442 556 3498 Schmidt
572 3440 685 3510 Didymi
701 3439 862 3510 fragmenta
878 3438 990 3509 Lipsiae
1002 3437 1115 3513 18540.
1126 3436 1151 3490 9.

274 3539 303 3606 2)
322 3540 356 3593 01.
376 3538 413 3592 Μ.
433 3537 559 3593 Schmidt
576 3555 604 3606 p.
617 3537 678 3593 399.

269 3638 302 3701 ,3)
324 3635 356 3690 In
374 3634 515 3689 Doehneri
531 3634 656 3689 editione
672 3633 819 3689 Plutarchi
836 3636 934 3691 verba:
954 3632 1041 3706 ἔντῇ.
1053 3626 1223 3702 ,ἀντιγραφῇ
1233 3621 1302 3698 πρὸς
1333 3674 1341 3685 .

196 3726 396 3798 Ἀσκληπιάδην
418 3732 582 3790 Φιλοκλέους
595 3727 670 3792 τινὸς
687 3728 794 3785 τέθηκε
812 3733 883 3792 λέξιν
911 3732 998 3785 101100
1023 3729 1135 3784 reddita
1158 3731 1224 3780 snut
1248 3726 1300 3778 ita:

203 3827 233 3881 in
249 3826 334 3893 libro,
361 3845 416 3899 quo
434 3826 594 3895 Asclepiadi
610 3827 743 3882 Philoclis
760 3826 818 3883 filio
838 3826 992 3897 respondit,
1004 3867 1010 3881 .
1020 3867 1027 3881 .
1037 3823 1178 3895 appellati
1214 3821 1301 3876 Mani·

204 3923 307 3979 festum
325 3928 369 3978 eat
386 3925 473 3980 verba
489 3926 654 3984 Φιλοκλέους
670 3919 743 3984 τινός
759 3924 795 3978 ad
813 3926 884 3984 λέξιν
902 3922 1053 3992 pertinere.

276 4023 306 4091 4)
323 4020 426 4076 Nescio
442 4038 480 4076 00
496 4019 656 4076 Demetrius
674 4020 851 4090 potissimum
871 4019 908 4074 ad
921 4018 1082 4073 Aristocsns
1100 4014 1299 4071 auctoritatem

205 4133 235 4170 se
253 4115 443 4172 adstrinxerit.
