2892 4675
727 214 756 278 p

198 392 435 461 Atheniensium
456 397 519 477 lex,
541 415 644 479 neque
669 399 752 464 enim
777 393 1054 479 crederepossum
1075 399 1133 465 hos
1156 417 1190 464 se
1210 398 1293 481 ipsos

197 508 289 570 tanta
307 505 476 588 ignominia
489 505 637 585 affecisse,
657 506 769 574 deinde
784 507 907 573 insania
927 507 1085 573 simulata.
1108 507 1199 585 Quod
1219 525 1294 573 vero

199 612 294 679 Solon
314 603 448 697 elegiam
478 620 621 682 canmsse
649 616 771 696 dicitur,
798 616 857 682 hac
879 633 914 681 re
940 634 1010 680 cum
1030 615 1202 683 Plutarcho
1223 635 1293 682 con-

199 723 338 788 sentiunt
358 723 595 804 Demosthenes,
621 723 734 805 quide
756 725 826 789 fals,
849 725 910 807 leg.
930 743 961 807 p.
973 729 1035 789 420
1057 724 1146 807 §252
1170 722 1294 809 ἐλεγεῖα

197 832 308 913 inquit,
331 826 475 918 ποιήσας
503 819 570 921 ᾖδε,
598 833 682 914 quod
703 853 774 913 non,
798 838 835 898 ut
855 833 1078 916 Bemhardyus
1100 835 1178 916 vult,
1200 852 1293 917 gene

197 941 309 1006 raliter
331 942 449 1008 dictum
469 961 538 1009 esse
553 947 667 1023 potest,
690 949 787 1025 atque
812 942 964 1010 Aristides
986 945 1018 1009 Π
1032 965 1063 1027 p.
1077 949 1154 1011 361:
1175 941 1295 1027 τὰμὲν

156 1057 161 1066 ’
200 1046 248 1128 εἰς
272 1048 444 1135 Μεγαρέας
459 1045 583 1131 ἔχοντα
603 1037 681 1137 ᾆσαι
701 1048 836 1136 λέγεται.

280 1159 454 1241 Praecipue
476 1151 583 1226 autem
611 1159 669 1225 hoc
690 1160 899 1227 demonstrari
920 1160 1045 1229 videtur
1066 1163 1169 1229 altero
1194 1162 1294 1244 ipsius

199 1267 345 1335 carminis
367 1286 462 1334 versu
476 1269 509 1354 ¹).

281 1376 384 1442 Aliter
404 1368 646 1444 sane'Laertius
663 1378 819 1461 Diogenes
839 1378 863 1461 Ι,
886 1384 927 1446 46
946 1398 1013 1447 rem
1034 1380 1134 1446 tradit
1153 1380 1201 1446 his
1224 1398 1294 1446 ver-

196 1489 256 1554 bis:
279 1479 398 1573 ἀνέγνω
418 1484 473 1554 διὰ
490 1492 553 1555 τοῖ
571 1485 713 1576 κήρυκος
732 1488 774 1557 τὰ
794 1492 1001 1559 συντείνοντα
1021 1494 1100 1580 περὶ
1111 1494 1294 1577 Σαλαμῖνος

199 1596 342 1694 alaysia
377 1598 472 1665 Solon
492 1600 588 1680 igitur
610 1618 796 1680 praeconem
820 1604 946 1668 iussisse
968 1604 1082 1668 dicitur
1101 1622 1227 1667 carmen
1246 1622 1294 1668 re·

200 1707 305 1772 citare.
349 1706 412 1773 Sed
432 1707 506 1773 huic
532 1707 678 1773 relationi
705 1702 874 1789 praecipue
903 1708 935 1773 id
957 1709 1069 1788 obstat,
1094 1709 1177 1789 quod
1199 1708 1294 1772 Solon

198 1817 231 1881 in
253 1816 392 1881 carmine
416 1834 449 1883 se
469 1816 573 1897 prima
602 1834 737 1897 persona
768 1815 933 1899 significat.
972 1816 1006 1882 Si
1029 1834 1104 1882 vera
1133 1819 1295 1880 narrasset

198 1923 366 2007 Diogenes,
404 1923 531 1989 exordio
560 1924 718 2006 grauitate
756 1925 924 1990 uerborum
956 1924 1137 1990 excellenti:
1176 1913 1295 1999 Αὐτὸς

199 2026 300 2117 κγ’ρυξ
318 2018 426 2098 iteca
447 2022 505 2120 ἀφ’
535 2027 668 2119 ἱμερτῆς
693 2033 877 2116 Σαλαμῖνος
905 2035 1005 2099 omnis
1026 2035 1073 2099 vis
1092 2034 1294 2100 adimeretur.

198 2140 379 2223 Intelligere
412 2142 467 2206 uix
496 2159 632 2221 possum,
664 2141 819 2221 quomodo
841 2140 1063 2224 Bernhardyus
1084 2142 1123 2222 Π,
1148 2147 1163 2207 1
1183 2161 1215 2224 p.
1233 2146 1295 2207 446

198 2250 347 2334 Diogenis
358 2251 569 2316 narrationem
584 2253 685 2316 solam
699 2255 895 2318 rectamesse
910 2251 1012 2319 dicere
1027 2252 1175 2334 potuerit3
1191 2270 1221 2332 p.
1233 2256 1295 2318 402

200 2368 307 2428 autem
328 2362 464 2428 mediam
488 2364 648 2444 quandam
669 2364 830 2445 ingressus
843 2367 893 2429 est
912 2366 997 2430 viam
1019 2364 1067 2430 his
1082 2381 1158 2429 usus
1180 2362 1295 2428 verbis:

199 2472 293 2539 Solon
308 2472 423 2553 sprach
447 2473 531 2540 seiae
555 2473 665 2555 Elegia
688 2472 937 2556 gesangthnlich
957 2478 1051 2539 unter
1072 2473 1144 2538 dem
1165 2472 1296 2538 Scheme

199 2582 378 2664 poetischer
399 2583 591 2663 Exaltation,
615 2584 663 2649 bis
686 2602 721 2648 er
743 2582 988 2649 seinPublicum
1009 2582 1116 2664 beuog
1138 2582 1199 2647 den
1219 2581 1297 2645 Rest

200 2690 277 2757 oder
299 2692 356 2756 das
382 2691 488 2756 Ganze
518 2691 617 2758 durch
648 2693 708 2758 den
729 2690 847 2756 Herold
869 2690 935 2755 sich
956 2691 1102 2757 vorlesen
1121 2709 1163 2755 zu
1183 2690 1296 2756 lassen.

200 2800 262 2867 Sed
282 2800 493 2882 haec'agendi
514 2801 596 2867 ratio
618 2800 743 2867 Solonis
765 2798 842 2864 mihi
862 2798 954 2864 ualde
975 2800 1083 2880 inepta
1103 2804 1200 2880 atque
1219 2799 1299 2864 haec

200 2907 378 2973 coniectura
391 2924 521 2990 prorsus
535 2925 554 2971 a
566 2924 641 2973 uero
657 2906 828 2972 abhorrere
848 2906 981 2987 videtur,
998 2924 1061 2999 qua
1075 2905 1299 2989 Bernhardyus
1378 2940 1380 2942 v

200 3016 232 3082 id
254 3021 379 3082 tantum
404 3018 479 3100 agit,
499 3017 647 3083 ut-duas
671 3016 814 3082 diversas
844 3016 1042 3082 narrationes
1071 3016 1155 3081 inter
1173 3035 1207 3082 se
1228 3034 1298 3081 con·

201 3127 293 3193 ciliet.
334 3127 423 3205 Quod
453 3126 522 3193 fieri
553 3145 615 3193 non
643 3145 737 3210 posse
768 3128 845 3193 mihi
875 3144 1060 3208 persuasum
1083 3130 1140 3191 est
1188 3124 1300 3206 Neque

200 3238 278 3304 illud
300 3239 513 3304 necessarium
538 3241 595 3316 est,
620 3254 718 3317 quum
740 3236 827 3301 nobis
843 3235 962 3301 Laertii
982 3234 1131 3318 Diogenis
1150 3233 1211 3301 hoc
1230 3233 1299 3299 loco

201 3346 290 3413 nulla
314 3345 460 3412 habenda
480 3346 522 3411 sit
542 3345 636 3411 ratio.
657 3346 724 3411 Nec
752 3363 828 3410 vero
847 3344 966 3410 Laertii
978 3329 1076 3410 ¹error
1097 3342 1231 3409 difficilis
1253 3344 1301 3406 est

202 3456 371 3537 explicatu,
399 3454 446 3519 Eo
468 3454 552 3521 enim
573 3454 676 3521 factus
699 3471 767 3520 esse
780 3452 913 3534 videtur,
936 3452 1020 3533 quod
1041 3453 1095 3518 ille
1116 3452 1302 3519 meminerat

203 3581 237 3629 se
256 3563 444 3631 vocabulum
466 3556 568 3649 κήροξ
586 3562 691 3647 legere
711 3581 814 3643 neque
835 3563 894 3628 hoc
913 3563 960 3628 uti
982 3580 1073 3644 posse
1092 3563 1152 3630 sibi
1174 3561 1299 3628 videba-

203 3677 257 3740 tur
278 3674 338 3740 nisi
355 3674 410 3754 ita,
431 3677 469 3738 ut
491 3689 678 3756 praeconem
697 3690 827 3740 munere
846 3672 938 3738 solito
958 3672 1149 3740 etiamtunc
1171 3672 1302 3756 iungen-

202 3788 269 3851 tem
290 3782 420 3850 taceret

276 4050 302 4119 1)
320 4048 505 4105 Scribendum
529 4049 639 4106 videtur
662 4067 726 4106 cum
749 4048 911 4123 Hartungo:
934 4043 1043 4122 κόσμον
1065 4048 1156 4103 ἐτέων
1179 4039 1255 4118 ᾠδίν
1279 4042 1302 4100 τ’

203 4143 261 4202 ἀντ’
282 4144 385 4218 ἀγορῆς
401 4151 530 4220 θέμενος.
