2892 4675
707 215 744 277 11

178 402 399 486 Λακεδαίμων
419 391 654 484 πολιορκητικὰ
675 387 893 481 ὑπομνήματα
918 393 1115 473 addicuntur,
1131 392 1172 457 ad
1194 403 1277 471 quae

180 519 324 583 nostrum
346 516 451 579 locum
472 509 592 576 referre
612 508 720 589 possis
743 523 841 587 quum
862 504 958 569 etiam
979 504 1107 569 Aeneas
1130 500 1277 567 Taotieus

178 626 210 691 in
235 624 440 690 Poliorcetico
462 618 700 686 Atheniensium
733 614 963 696 expeditionem
984 610 1192 692 descripserit,
1222 608 1277 675 sed

179 734 309 800 dubium
331 735 390 815 est,
422 748 497 795 num
526 728 576 793 hic
599 724 795 792 Datmaehus
817 723 860 790 sit
881 721 1085 787 Plataeensis.
1107 718 1277 784 Praeterea

178 844 345 910 Dalmachi
363 859 477 907 nomen
498 839 619 906 duobus
640 836 709 901 aliis
741 834 817 899 locis
848 834 1026 900 coniectura
1057 830 1274 908 restituerunt,

178 971 216 1019 ao
237 954 376 1035 primum
396 952 521 1033 quidem
542 951 626 1015 Plut.
649 950 719 1032 Lys.
746 972 770 1017 c.
788 955 826 1014 12
860 948 927 1032 (ubi
952 947 1072 1013 cedros
1104 944 1278 1028 Δαΐμαχος

178 1059 344 1144 praebent)
368 1060 413 1125 ita
434 1063 471 1124 ut
492 1058 570 1143 περὶ
593 1056 762 1141 εὐσεβείας
782 1058 940 1140 scripsisse
963 1055 1098 1135 dicatur,
1129 1054 1162 1119 iu
1182 1071 1275 1134 quem

179 1169 296 1236 librum
321 1173 428 1258 noster
450 1169 537 1234 locus
559 1186 622 1234 non
644 1169 791 1250 quadrat,
823 1166 935 1233 deinde
957 1163 1162 1232 (lasaubonus
1184 1161 1276 1228 conii·

178 1279 332 1361 nithing.
354 1278 553 1357 Laert.l,30
583 1275 761 1360 (Λαΐδαχος
785 1275 812 1340 δ’
836 1270 854 1340 ὁ
879 1268 1092 1351 Πλατωνικὸς
1114 1272 1167 1337 καὶ
1191 1268 1276 1335 led-

176 1411 275 1474 αρχος
296 1381 419 1474 φιάλην
432 1378 658 1472 ἀποσταλῆναι
678 1382 746 1450 ὑπὸ
772 1384 919 1469 Κροίσου
934 1385 1089 1468 Παιανιεῖ
1110 1381 1165 1446 καὶ
1186 1374 1276 1446 οὕτω

178 1493 444 1580 περιενεχθῆναι)
478 1493 575 1560 verba
594 1490 756 1574 Λαΐδαχος
788 1494 817 1558 d’
842 1488 860 1559 ὁ
883 1485 1095 1567 Πλατωνικός
1123 1487 1278 1555 mutanda

179 1622 247 1672 esse
285 1605 318 1668 in
349 1601 516 1686 Δαΐμαχος
550 1602 578 1667 d’
617 1598 635 1668 ὁ
670 1597 856 1680 Πλαταιεύς
873 1603 907 1687 ¹).
974 1603 1085 1682 Neque
1119 1600 1165 1664 ita
1196 1598 1277 1662 mul·

177 1718 246 1781 tum
267 1715 437 1791 lucramur,
473 1730 612 1793 namque
640 1712 859 1779 testimonium
886 1711 1048 1790 habemus,
1079 1709 1164 1790 quod
1195 1707 1278 1775 unde

176 1829 318 1891 sumtum
338 1823 390 1903 sit,
413 1822 579 1889 nescimus.
623 1823 661 1888 ln
682 1822 739 1888 tali
763 1809 870 1887 autem
893 1821 982 1901 libro,
1008 1820 1040 1883 in
1062 1836 1125 1900 quo
1146 1817 1186 1884 de
1206 1835 1278 1900 sep-

176 1935 244 1996 tem
274 1930 467 2013 sapientibus
499 1948 603 1997 sermo
616 1933 619 1936 ’
633 1935 712 2010 erat,
742 1931 838 1995 etiam
860 1928 982 1994 Solonis
1016 1926 1207 1992 mentionem
1231 1925 1278 1992 fa·

178 2057 249 2105 cere
268 2040 382 2121 potuit.
405 2042 511 2121 Atque
531 2041 557 2107 si
576 2039 741 2105 Plutarchi
759 2039 857 2106 verba
879 2035 1277 2121 significantDa'imaehum

176 2166 228 2215 res
248 2168 268 2214 a
291 2147 404 2215 Solone
425 2151 457 2213 in
476 2150 561 2215 bello
584 2148 763 2230 Megarensi
787 2152 894 2229 gestas
926 2165 988 2211 non
1021 2164 1277 2226 commemorare,

177 2256 236 2322 hoc
269 2258 301 2322 in
329 2258 390 2324 tali
419 2258 499 2323 libro
529 2276 592 2323 non
621 2258 816 2323 mirabimur.
881 2256 964 2323 Sane
990 2256 1036 2320 ita
1067 2255 1276 2321 Datmachum

179 2365 289 2447 (quem
318 2366 452 2432 fortasse
472 2369 664 2433 Plutarchus
685 2367 724 2432 ab
747 2366 922 2449 Hermippo
943 2366 1076 2432 citatum
1099 2366 1275 2449 invenerat)

178 2491 424 2541 commemorare
445 2493 715 2556 supervacaneum
735 2476 807 2553 luit,
840 2475 896 2540 sed
929 2475 961 2539 id
990 2474 1090 2540 nostri
1116 2475 1276 2555 scriptoris

179 2583 293 2649 rationi
310 2585 465 2650 convenit.
520 2583 574 2650 Sin
602 2588 710 2649 autern
731 2583 924 2648 Plutarchus
952 2583 1057 2649 dicere
1078 2583 1179 2648 voluit
1199 2582 1274 2649 Dat·-

177 2692 323 2759 maehum
346 2712 464 2775 negare
485 2694 632 2761 Solonem
654 2692 832 2774 Megarensi
863 2692 947 2757 bello
966 2691 1169 2772 interfuisse,
1203 2690 1276 2757 huic

176 2803 224 2867 rei
245 2820 307 2867 non
329 2804 464 2869 multum
484 2803 688 2870 tribuendum
710 2807 769 2883 est,
793 2802 868 2882 quia
890 2802 1058 2868 Daimachi
1078 2800 1156 2866 fides
1179 2800 1275 2867 etiam
1356 2860 1358 2865 ⁴

177 2908 257 2977 alias
287 2912 415 2976 minima
447 2918 517 2978 erat
549 2913 601 2994 (cf.
623 2912 738 2979 Strabo
758 2913 791 2977 Π
811 2932 842 2994 p.
858 2913 921 2996 70),
954 2929 1058 2993 neque
1085 2911 1275 2978 Plutarchus

177 3037 248 3084 eam
262 3019 368 3100 magni
384 3021 567 3087 aestimasse
578 3023 713 3101 videtur,
736 3039 834 3102 quum
856 3022 945 3085 illam
964 3038 1032 3085 rem
1056 3021 1088 3085 in
1111 3038 1274 3102 eompara-
1386 3013 1387 3017 ’

175 3126 261 3193 tione
281 3126 458 3194 Soloniset
477 3128 658 3195 Publicolae
681 3129 810 3194 demum
832 3133 1064 3196 commemoret.
1119 3129 1180 3195 Sed
1211 3129 1274 3194 for·

176 3241 260 3303 tasse
282 3238 474 3305 Dalmaohus
496 3236 615 3305 bellum
627 3240 796 3305 Pisistrato
818 3239 897 3305 duee
916 3243 1041 3320 gestum
1065 3239 1199 3320 intelligi
1221 3256 1274 3302 vo·

175 3346 244 3426 luit,
266 3346 316 3412 cui
338 3347 484 3414 Solonem
504 3368 567 3415 non
588 3348 771 3415 interfuisse
788 3365 845 3413 suo
867 3349 936 3413 iure
957 3346 1118 3414 affirmare
1138 3351 1273 3428 poterat.

240 3454 321 3536 ,Sed
343 3462 468 3537 tempus
487 3462 546 3538 est,
580 3462 617 3522 ut
638 3462 712 3538 post
734 3455 817 3520 hune
839 3457 917 3522 satis
945 3455 1075 3538 longum
1106 3473 1274 3523 excursum

175 3583 212 3630 eo
233 3562 406 3646 redeamus,
430 3566 514 3631 unde
535 3567 638 3632 exorsi
658 3585 775 3648 sumna,
797 3567 837 3633 ad
861 3566 1014 3632 Solonis
1035 3569 1214 3634 carmina.
1236 3569 1273 3634 In

175 3677 326 3755 poemata
357 3674 444 3738 initio
462 3692 534 3754 ¹per
566 3676 671 3740 lusum
703 3680 800 3756 atque
832 3677 930 3743 otium
953 3678 1078 3743 condita
1100 3677 1205 3757 Solon,
1237 3683 1274 3743 ut

174 3780 367 3848 Plutarchus
391 3787 450 3848 ad
473 3784 528 3863 ait,
561 3787 673 3864 postea
695 3779 804 3847 πολλὰ
826 3790 893 3852 τῶν
917 3788 1097 3867 πολιτικῶν
1127 3787 1271 3867 intexuit,

250 3923 278 3987 l)
297 3921 417 3979 Cebetas
435 3924 465 3978 in
483 3926 601 3991 textum,
628 3927 674 3995 qui
694 3928 808 3997 dieitur,
835 3931 942 4000 recepit
958 3911 1097 3989 Δαίδαλοςι
1121 3931 1146 3985 δ’
1163 3929 1178 3984 ὁ
1198 3936 1272 3986 Hla-
1367 3938 1370 3943 ’

174 4012 293 4078 τωνιιιός.
336 4019 410 4087 Quae
436 4021 560 4090 quamvis
586 4020 677 4079 lenior
692 4029 821 4092 mutatio,
840 4031 936 4081 tamen
953 4043 1011 4080 non
1028 4028 1174 4096 probanda
1197 4028 1272 4085 vide·

175 4118 229 4182 tur,
255 4116 319 4184 quia
337 4114 382 4171 hio
400 4118 530 4189 scriptor,
552 4123 687 4189 quantum
706 4122 832 4193 equidem
851 4124 918 4190 seio,
942 4126 1068 4178 ceterum
1085 4124 1198 4195 ignotus
1218 4130 1269 4183 eet.
