2892 4675
693 246 733 309 21

165 419 284 511 ἷὲξὸιος
298 425 359 492 ‘aad
380 420 418 491 ἐκ
438 425 497 501 rig
517 414 774 507 'Automatam'
796 420 975 501 πολιτείας,
991 424 1013 502 ¹)
1049 422 1164 503 laque
1187 439 1268 487 com-

166 538 280 620 pluria,
300 554 383 616 quac
404 533 602 601 Phrtarchus‘
626 531 666 597 de
698 530 829 613 singulis
860 530 978 596 tabulis
1002 530 1050 612 (c.
1067 536 1114 596 19.
1140 535 1191 618 23.
1215 531 1269 613 24)

164 648 399 724 commemorat
417 647 468 709 111
483 643 656 707 Aristotele
682 640 855 707 fluxerunt
910 639 1042 706 Librmn
1075 644 1186 707 antem
1213 658 1267 720 pe·

165 756 317 822 culiarem
338 751 417 836 περὶ
441 753 512 815 cirin
539 741 855 831 ΣόλωνοςΜοῖξόνων,
872 761 972 829 quem
991 765 1173 854 anonymus
1184 748 1269 814 vitae

165 863 345 930 Aristotelis
366 861 498 941 scriptor
519 858 619 939 affert,
643 857 971 940 illumscrip'sissevix
984 855 1180 923 crediderim.
1205 854 1268 920 Ne·

147 987 325 1054 ¹que-vero
343 967 620 1047 solumfhisloora
646 967 761 1049 quibus
783 965 961 1032 Aristotelis
993 982 1108 1030 nomen
1140 965 1266 1045 apposi-

163 1083 310 1155 tumest,
334 1077 389 1142 sed
411 1077 478 1143 sine
498 1075 592 1141 dubio
614 1077 724 1142 multis
745 1075 813 1140 aliis
832 1074 989 1140 -narratio
1011 1072 1204 1138 Plutarchea
1225 1091 1266 1157 11

165 1185 343 1252 Aristotelis
364 1184 481 1266 palitiis
504 1185 653 1249 manauit.
710 1183 807 1249 Velut
839 1199 893 1247 11·
911 1180 1162 1261 Harpocratione
1183 1198 1209 1245 s.
1233 1198 1262 1247 r.

163 1286 271 1370 landa
290 1298 322 1358 ei
340 1294 444 1378 θῆτες
465 1290 519 1354 καὶ
536 1285 680 1390 1θητικόν
700 1290 753 1373 (fr.
780 1294 841 1354 344
862 1288 950 1356 lidi.
973 1292 1037 1356 911
1054 1293 1092 1353 10
1113 1287 1173 1371 Μ.)
1193 1306 1264 1369 pere

162 1402 311 1481 spicimus'
333 1399 536 1463 Aristotelem
557 1397 785 1466 eodemmodo
805 1396 855 1461 dez
875 1396 1005 1479 civium
1022 1395 1173 1462 divisione
1204 1394 1266 1462 dis·

162 1511 298 1590 putasse
314 1524 350 1572 ac
370 1507 577 1572 Plutarchum
599 1526 625 1572 c.
660 1510 707 1584 18,
736 1525 777 1571 ex
799 1504 911 1570 Photio
933 1523 960 1585 s;
982 1498 1187 1572 usae'iaiwe
1211 1503 1264 1587 (11.

163 1621 224 1682 elo
246 1617 290 1681 lla
307 1616 392 1696 nand
414 1615 627 1698 fragmentum
651 1615 684 1679 in
700 1613 850 1679 Muelleri
881 1613 1019 1682 editione
1056 1611 1158 1690 deest)
1191 1631 1264 1678 eum

160 1725 200 1791 d'e
221 1718 426 1809 ἓκτημορίοις
446 1721 559 1804 egisse
586 1729 721 1806 quorum
743 1722 936 1787 Plutarchus
955 1740 982 1786 c.
1009 1726 1047 1792 13
1070 1723 1262 1789 mentionem

161 1835 246 1900 lacit
267 1833 355 1899 ¹{Sed
374 1835 441 1899 sinc
454 1832 555 1898 dubio
574 1851 636 1897 non
661 1849 734 1896 eum
757 1849 898 1897 errorem
922 1830 1085 1911 commisit,
1110 1831 1164 1911 qui
1187 1830 1264 1897 Plu·

160 1941 263 2007 tarchl
286 1942 447 2006 socordiae
459 1942 664 2021 imputandus
683 1946 739 2006 est.
765 1941 836 2006 *Hic
856 1942 939 2008 enim
956 1943 1032 2007 dicit
1053 1936 1266 2026 ἓκτημορίους

160 2065 224 2114 non
247 2050 386 2130 quinque
407 2053 515 2131 partes
533 2047 703 2128 ductuum,
726 2049 781 2114 sed
793 2054 916 2114 sextam
929 2055 1055 2116 tantum
1068 2050 1263 2131 pependisse

159 2156 249 2235 Quae
270 2158 463 2223 Plutarchus
484 2176 510 2222 c.
534 2161 574 2222 25
597 2158 636 2221 de
665 2156 868 2223 iureiurando
889 2161 1015 2234 narret,
1042 2156 1126 2238 quod
1149 2175 1262 2224 novem

160 2267 328 2332 archontes
357 2265 398 2332 ad
417 2284 530 2331 sanum
554 2266 586 2329 in
605 2264 675 2329 foro
695 2265 834 2346 positum
857 2264 934 2331 dare
955 2264 1138 2346 debuerint,
1164 2265 1262 2333 etiam

160 2374 246 2456 apud
268 2374 470 2441 Aristotelem
491 2374 739 2453 inveniebantur,
773 2375 806 2440 id
835 2375 920 2454 quod
949 2393 992 2440 ex
1012 2374 1261 2457 Harpocratione

160 2503 188 2549 s:
210 2501 238 2549 v.
262 2480 362 2560 λίθος
383 2482 434 2566 (11.
463 2486 523 2547 370
544 2483 581 2547 R.
603 2482 642 2547 11.
665 2486 703 2547 13
727 2484 776 2557 Μ)
789 2483 900 2549 elucet.
920 2524 922 2531 ,
939 2483 1112 2551 Praeterea
1138 2483 1261 2551 Gellius

157 2592 258 2670 MssA,
277 2591 317 2671 Η,
343 2596 382 2657 12
403 2590 457 2673 (11.-
479 2595 537 2657 347
558 2591 595 2656 R.
615 2589 654 2654 11.
680 2584 733 2654 11²
756 2590 803 2673 M)
824 2591 1124 2659 multisverborum
1147 2591 1260 2661 amba-

157 2701 250 2783 gibus
273 2702 377 2782 legem
395 2701 485 2765 illam
507 2700 629 2766 Solonis
650 2699 749 2766 refert
771 2721 790 2767 a
811 2699 984 2767 Plutarcho
1006 2719 1032 2767 c.
1057 2707 1098 2767 20
1120 2700 1258 2768 breviter

157 2810 373 2891 perstrictam,
409 2827 473 2890 qua
506 2810 640 2890 quisque
669 2808 822 2874 seditione
856 2814 968 2875 exorta
1003 2810 1147 2876 alteriuti
1174 2810 1261 2891 parti

158 2935 193 2983 se
218 2916 392 2995 'adiungere
413 2917 590 2997 iubebatur,
628 2924 726 2999 atque
756 2917 971 2984 Aristotelem
992 2918 1121 2998 laudet,
1152 2917 1261 2999 quiin

158 3023 272 3105 ligneis
294 3022 407 3088 axibus
429 3041 500 3087 eam
521 3025 673 3105 scriptam
706 3040 774 3091 esse
807 3026 901 3091 dicat.
928 3052 932 3061 ·
954 3023 1045 3103 Quod
1066 3024 1259 3095 Plutarchus

159 3151 218 3214 per
242 3131 436 3197 occasionem
457 3149 482 3196 c.
504 3137 522 3196 2
546 3133 585 3198 de
606 3133 704 3215 Proui,
733 3133 893 3200 Massiliae
914 3134 1092 3213 conditore,
1125 3152 1258 3202 comme·

160 3245 275 3317 morat,
296 3241 474 3306 accuratius
495 3241 678 3307 enarratio
701 3242 954 3309 Massiliensium
969 3242 1081 3324 politia
1104 3243 1257 3309 Aristote·
1385 3292 1388 3296 »

157 3350 204 3414 les
227 3348 280 3429 (fr.
303 3353 363 3414 503
383 3350 421 3414 R.
444 3349 484 3414 11.
508 3354 568 3416 139
580 3348 646 3425 M).
690 3344 754 3416 ded
775 3350 824 3417 hic
844 3368 971 3431 quoque
994 3351 1258 3433 deprehendimus

155 3454 363 3521 Plutarchum
387 3475 501 3537 parum
514 3460 609 3525 ,11111
630 3456 834 3536 referentem,
868 3460 952 3537 quod
980 3464 1039 3527 aut
1069 3458 1167 3540 ipsius
1199 3466 1257 3525 aut

155 3565 294 3629 auctoris
314 3565 382 3629 eius
400 3566 611 3646 negligentiae
633 3565 837 3631 tribuendum
858 3573 915 3646 est,
939 3586 1076 3649 namque
1087 3568 1257 3636 Aristotele

156 3677 240 3737 teste
266 3671 419 3735 Euxenus
454 3677 502 3737 est
523 3673 847 3741 conditoruMassiliae
878 3676 1007 3757 eiusque
1029 3676 1156 3743 demum
1176 3675 1257 3742 filius

264 3874 289 3940 1)
307 3866 371 3942 Ipse
396 3870 574 3939 Aristoteles,
598 3890 649 3927 suo
675 3869 736 3929 iure
767 3876 921 3931 Muellerus
944 3879 1045 3948 inquit,
1071 3879 1145 3932 hand
1172 3877 1255 3935 dubie

154 3971 231 4040 leges
253 3966 362 4024 Solonis
381 3968 478 4024 eodem
498 3966 605 4036 ordine,
626 3972 686 4042 quo'
698 3972 779 4027 inter
793 3970 955 4029 columellas
973 3972 1142 4030 distributae
1160 3985 1249 4042 erant,

153 4065 270 4134 in'ch.
289 4064 389 4119 Athon.
402 4068 605 4121 '‘mcensueret.
640 4068 825 4123 Aristotelem
842 4071 927 4124 enim
954 4076 994 4125 et*
1010 4086 1068 4126 non
1090 4070 1250 4142 Didymnm¹

156 4166 186 4212 ut
200 4161 306 4214 Roseus
327 4163 467 4230 opinatur,
480 4164 604 4217 tabulam
622 4165 749 4217 attulisse
769 4169 855 4231 pretet.
