2892 4675
721 193 768 263 as

7 463 8 482 χ
98 387 101 390 ’
191 391 322 453 mbenus
346 386 542 469 conspirant
569 390 605 451 ut
633 383 718 466 apud
747 380 920 462 utrumque
950 378 1048 444 verbb
1066 375 1292 464 προσκληθεὶς

191 491 239 572 eie
250 484 388 579 ’Ἀρειον
408 489 514 579 πάγον
532 493 742 562 inveniantur
768 488 858 568 Quod
879 494 988 555 tamen
1011 487 1199 554 Aristoteles
1220 485 1290 566 dici,

190 602 256 670 fact
242 609 310 670 tum
331 622 399 670 esse
420 602 678 670 Plutartchus
632 602 686 667 ait.

274 715 447 814 Praeterea
481 709 796 778 animadvertendum
819 705 1036 808 Plutarchum
1053 647 1204 770 nonnulla
1235 645 1290 768 ad·

191 823 275 902 dere,
293 809 375 903 quae
393 797 578 886 Aristoteles
593 818 684 884 omitt
686 823 730 901 a‚t
748 823 934 899 tyrrannum
955 814 1039 880 necis
1060 832 1149 879 reum
1163 812 1290 878 iactum

190 948 269 1009 esse,
293 935 390 1009 atque
405 933 620 996 accusatorem
633 926 845 994 vadimonium
858 923 1043 989 deseruisse
1066 921 1153 986 Haec
1163 920 1240 985 Plu
1225 923 1290 984 t·ar

190 1038 287 1103 elium
317 1053 377 1100 non
402 1033 648 1116 duxissetque
668 1054 710 1101 ex
731 1034 820 1099 Arist
806 1031 902 1100 totele
924 1025 1284 1100 nemissenedmeoim.

194 1143 457 1227 Namque-quum
479 1146 505 1211 is
526 1146 638 1225 multa,
670 1142 802 1224 quaein
822 1141 960 1223 politicis
973 1139 1087 1206 obiter
1103 1153 1290 1203 commemo·

191 1258 251 1334 rat,
266 1254 305 1322 ,in
326 1254 444 1335 politiis
465 1253 593 1318 uberius
614 1258 712 1342 atque
734 1251 914 1315 accuratius
937 1246 1125 1314 tractaverit
1145 1243 1289 1328 (ciquod

105 1351 109 1358 '
147 1349 153 1359 ’
190 1363 232 1427 ac
253 1362 440 1443 nygcsmim
472 1362 587 1425 aconei
609 1360 744 1425 aristot.
767 1358 835 1426 Pol.
848 1351 887 1436 ιι
907 1361 971 1436 5,1
1000 1354 1111 1438 (reos²
1132 1354 1187 1437 ιι)
1218 1370 1289 1417 cum

193 1470 307 1540 Atbeu.
317 1465 395 1536 Vlll
415 1487 447 1549 p.
460 1472 524 1533 348
535 1468 574 1533 A.
597 1466 650 1551 (fr.
668 1470 728 1531 168
743 1463 818 1548 M.))
840 1465 959 1529 multos
983 1465 1077 1543 locos,
1109 1463 1163 1542 qui
1191 1462 1287 1541 vulgo

192 1579 234 1644 ad
252 1577 379 1658 politica
397 1576 588 1655 referuntur,
613 1575 801 1657 quibuscum
821 1576 853 1638 in
874 1559 1288 1647 unirersumconsentiuut

191 1686 233 1752 ad
256 1681 382 1767 politius
402 1683 583 1752 referendos
604 1701 674 1750 esse
695 1673 990 1763 mibi'persuasum
1022 1685 1079 1759 est,
1110 1679 1143 1743 in
1175 1678 1289 1759 quibus
1399 1743 1404 1758 ,

190 1794 317 1877 singula
337 1794 440 1858 multo
462 1793 643 1874 diligentius
664 1793 809 1875 exposita
831 1794 931 1856 erant.
957 1791 1071 1870 ltaque
1091 1806 1155 1854 non
1174 1786 1290 1852 nimiae

190 1902 345 1967 audaciae
364 1906 412 1966 est
434 1902 582 1968 conlisere
603 1902 699 1966 etiam
715 1900 761 1966 de
778 1918 813 1963 re
835 1917 931 1981 supra
951 1899 1197 1964 commemorata
1219 1895 1289 2006 Ari-

191 2009 341 2076 stotelem
361 2008 571 2073 accuratius
563 2028 595 2073 m
616 2007 733 2090 palitiis
754 2005 941 2090 disputasse.

272 2119 324 2183 Ita
354 2119 451 2183 etiam
475 2119 516 2183 de
542 2118 675 2197 Pittaco,
709 2118 798 2183 cuius
819 2118 914 2182 Polit
933 2107 1210 2197 111,e,6(1ces
1234 2113 1287 2196 37)

190 2227 341 2307 meminit,
372 2228 405 2292 in
425 2227 542 2309 palitiis
565 2246 638 2292 eum
659 2228 754 2309 plura
785 2227 900 2292 dixisse
927 2224 1094 2290 statuerim
1123 2227 1221 2304 atque
1249 2242 1289 2289 ex

191 2336 237 2401 eis
255 2335 371 2401 hausta
388 2355 466 2417 esse,
488 2355 570 2418 quae
590 2344 696 2403 noster
718 2336 757 2402 de
777 2336 901 2403 Pittaco
921 2354 948 2402 c.
966 2339 1005 2399 14
1028 2330 1130 2398 affert.
1182 2333 1287 2401 Aemi·

191 2445 253 2510 lius
272 2445 374 2526 Heitz,
408 2446 461 2526 qui
482 2446 566 2511 idem
588 2446 627 2511 de
648 2447 734 2511 Plut
755 2447 884 2526 Lycur
902 2446 1091 2525 suspicatur,
1115 2434 1288 2509 rectissime

189 2573 221 2635 p.
235 2558 297 2619 240
319 2558 425 2619 monet
436 2553 643 2619 Plutarchum
665 2553 730 2637 [vel
750 2540 856 2636 potius
875 2541 1108 2636 iontem'eiusi]
1129 2568 1288 2633 nusquam
1380 2596 1382 2601 .

189 2663 318 2745 politica
339 2663 502 2728 nominare
522 2681 624 2744 neque
649 2663 774 2728 omnino
795 2663 894 2729 ullam
916 2680 1026 2728 eorum
1049 2658 1195 2728 notitiam
1215 2680 1288 2744 pro·

188 2773 264 2837 dere
288 2772 319 2835 in
340 2772 406 2837 vita
424 2771 572 2854 Lycurgi,
601 2789 700 2852 quum
721 2770 1042 2843 Lacedaemoniorum
1063 2770 1172 2851 politia
1197 2770 1287 2851 quin·

191 2878 282 2957 quies
302 2877 435 2944 laudata
455 2885 554 2960 atque
572 2880 639 2945 sine
658 2878 752 2945 dubio
785 2881 886 2944 multo
913 2879 1039 2960 saepius
1070 2876 1211 2942 adhibita
1236 2878 1286 2945 sit.

190 2985 259 3051 Hoc
279 3004 343 3050 non
364 2986 466 3052 solum
487 2987 528 3052 ad
539 2987 683 3071 Lycurgi,
703 2988 758 3065 sed
780 2987 876 3052 etiam
899 2988 940 3053 ad
961 2987 1041 3053 alias
1056 2987 1139 3051 vitas
1154 2967 1285 3069 spectat

190 3094 282 3161 Alius
302 3104 376 3160 vero
398 3096 495 3174 locus,
528 3095 582 3176 qui
605 3113 644 3159 ex
668 3095 844 3160 Aristotelis
866 3094 999 3176 politicis
1020 3094 1181 3160 derivatus
1201 3093 1288 3160 vide·

191 3209 254 3284 cur,
277 3208 325 3270 est
348 3224 373 3270 c.
386 3210 415 3285 2,
440 3204 544 3281 verbu
557 3204 639 3271 dico:
662 3203 717 3269 aori
741 3205 850 3290 Θαλῆν
869 3202 905 3269 δέ
925 3225 1025 3291 φασιν
1046 3201 1189 3291 ἐμπορίᾳ
1208 3205 1282 3288 χρῆ-

189 3317 280 3393 σθαι,
297 3314 482 3394 quibuscum
496 3313 684 3379 conferenda
695 3314 888 3380 Aristotelea
906 3313 999 3378 Polit.
1011 3302 1087 3407 121¹
1108 3314 1218 3397 (12692
1242 3312 1286 3398 9).

271 3414 332 3488 Sed
354 3422 393 3489 de
412 3423 472 3487 hac
494 3442 528 3487 re
551 3426 649 3505 paulo
671 3424 771 3490 altius
791 3428 934 3505 repetere
958 3423 1057 3488 iuvat
1100 3422 1287 3489 Aristoteles

187 3531 271 3595 enim
293 3531 348 3596 l.l.
370 3536 482 3598 narrat
503 3532 677 3612 Thaletem,
701 3536 738 3597 ιιι
758 3531 947 3608 ostenderet,
974 3549 1069 3611 quam
1092 3530 1184 3597 facile
1205 3536 1289 3597 esset

187 3639 317 3704 divitem
338 3638 414 3719 fieri,
436 3641 640 3722 praecognita
657 3640 767 3706 futura
788 3641 930 3706 olearum
942 3639 1087 3706 ubertate
1102 3640 1287 3705 conduxisse

188 3747 306 3812 olearia
337 3748 567 3829 pecuniamque
587 3754 735 3830 magnam
758 3748 817 3814 sibi
835 3766 1042 3829 comparasse.
1099 3746 1187 3811 Idem
1210 3766 1284 3814 vero

188 3854 444 3941 Hieronymus
464 3856 634 3924 Rhodius
665 3861 697 3924 iu
732 3858 868 3924 secundo
887 3857 965 3923 libro
988 3857 1284 3930 commentariorum

187 3965 458 4035 miscellaneorum
479 3967 558 4050 (quia
569 3962 738 4055 σποράδην
749 3960 1008 4052 ὑπομνημάτων)
1026 3965 1208 4037 memoriae
1219 3971 1283 4032 tra·

187 4073 267 4139 didit
295 4071 523 4141 testssLaertio
554 4075 692 4156 Diogene
715 4078 740 4157 1,
762 4081 815 4156 ou,
848 4076 902 4156 qui
935 4079 1097 4140 auctorem
1119 4093 1212 4141 suum
1243 4074 1284 4141 ad
