2892 4675
699 156 739 226 w
816 140 820 151 .

244 339 325 419 Quia
346 355 420 406 1616
433 352 553 428 »neque
563 332 680 402 ordinis
701 331 962 428 cuiusdam„quo
981 333 1128 415 singulae
1146 351 1182 400 66
1203 351 1260 416 pos¹

165 449 252 516 litiae
277 447 467 529 exceperint,
490 443 658 524 vesdgmm
690 442 793 508 ullum
814 443 1012 522 relinquatur
1051 460 1108 508 uec
1138 441 1269 521 mutuli,

167 573 228 637 quo
249 558 332 624 inter
352 572 387 620 se
408 570 517 618 omnes
538 551 722 616 6661666166
741 550 868 629 fuerint,
892 568 949 615 nec
959 567 1067 620 rerum
1089 568 1191 620 nexus
1207 567 1265 616 nec

166 665 319 732 materiae
342 661 497 728 adfinem
519 658 675 741 quendam
695 658 879 740 generalem
894 676 1053 739 usumque
1075 658 1265 740 philosophi-

166 792 237 840 cum
258 763 501 855 praeparatam,
521 766 873 849 Roseusputatllhrum
892 784 954 832 non
974 767 1151 842 Aristotelis
1161 767 1269 849 philo:

167 883 269 963 sophi,
289 880 344 945 sed
373 877 572 944 subdititium
598 894 665 943 esse
684 882 717 942 et
731 861 759 942 ¹a
778 875 983 962 peripatetico
1006 874 1142 956 quodam
1167 877 1264 957 paulo

165 994 246 1072 post,
260 987 439 1056 Aristotehs
451 991 586 1052 mortem
607 984 827 1066 conscriptum,
850 985 904 1065 qui
925 983 1092 1049 historicus
1113 986 1263 1065 potiuset

169 1096 350 1179 philologus
383 1095 480 1160 fuerit
503 1111 599 1174 quam
620 1092 835 1178 philosophus.
880 1091 942 1157 Sed
975 1091 1036 1158 hae
1062 1110 1177 1156 causae
1209 1110 1263 1158 66,

167 1221 327 1285 quaquam
358 1201 518 1272 sufficiant
540 1202 581 1267 ad
598 1201 725 1279 librum,
747 1200 995 1282 cuiusnaturarn
1016 1205 1049 1265 et
1063 1200 1211 1282 ,indolem
1226 1218 1270 1282 66
1346 1219 1349 1224 ’

166 1312 352 1393 fragmentis
377 1311 555 1392 perspicere
572 1328 634 1375 non
658 1326 834 1388 6666616116,
859 1308 899 1373 ab
922 1309 1101 1389 Aristotele,
1132 1309 1187 1389 qui
1207 1326 1271 1380 noe

170 1419 203 1484 in
223 1418 420 1500 philosophia
434 1418 503 1484 sola
522 1422 669 1486 versatus
693 1421 753 1496 est,
774 1415 1125 1498 abiudicandumatque
1152 1417 1272 1498 optimo

167 1526 236 1591 iure
257 1524 392 1590 reiectae
412 1522 544 1590 suntab
568 1523 745 1592 Aemilio
766 1523 933 1589 Heitzio
969 1522 1043 1605 (Die
1082 1525 1271 1606 1611616666

169 1631 326 1698 schemen
347 1629 402 1695 des
427 1614 612 1695 Aristoteles
633 1629 760 1710 Leipzig
783 1634 862 1695 1865
885 1647 917 1712 p.
941 1635 1002 1696 230
1015 1629 1099 1714 sqq.)
1144 1631 1268 1710 Coniec-

166 1745 241 1805 tura
265 1757 355 1818 vero,
381 1756 477 1820 quam
500 1737 551 1804 hic
561 1737 717 1819 proponit,
738 1738 865 1819 politiae
882 1756 945 1804 non
959 1739 998 1805 ah
1010 1739 1181 1804 Aristotele
1197 1740 1282 1823 ipso¹
1302 1774 1306 1782 ·
1354 1755 1357 1762 ’

167 1847 277 1929 editas,
290 1846 345 1912 sed
354 1845 539 1912 thesaurum
554 1844 748 1926 quendam1)
761 1850 945 1928 congestum
959 1865 1038 1930 esse,
1052 1847 1129 1914 mihi
1139 1847 1267 1927 quidem

169 1954 263 2022 valde
274 1954 404 2033 arridet,
421 1952 565 2033 quamvis
581 1951 697 2017 iterum
713 1952 892 2032 iterumque
910 1953 1098 2017 monendum
1115 1954 1156 2017 sit
1171 1972 1269 2036 epar·

167 2065 224 2146 ris,
243 2080 326 2144 quae
348 2061 437 2126 nohis
448 2065 594 2126 servatae
615 2062 697 2138 sunt,
720 2060 860 2140 reliqniis
881 2060 959 2126 nihil
978 2061 1055 2127 certi
1067 2060 1147 2130 effici
1160 2081 1264 2148 posse.

250 2170 515 2237 Testimoniorum
538 2186 613 2234 vero
647 2186 688 2233 ex
712 2169 881 2234 Aristotele
901 2188 920 2233 a
942 2170 1115 2235 Plutarcho
1154 2171 1265 2238 1686-

164 2276 605 2347 1661611166116161111611116
628 2294 668 2342 ex
689 2276 807 2359 palitiis
840 2277 1028 2361 deprompta
1057 2299 1126 2347 csse
1156 2281 1261 2347 verisi-

167 2386 241 2453 mile
262 2391 310 2450 est
331 2390 428 2467 atque
449 2403 487 2450 ea
508 2387 644 2467 quidem,
667 2404 750 2465 quae
776 2404 800 2450 6.
824 2390 863 2451 25
887 2385 938 2467 (11.
964 2392 1023 2453 346
1046 2388 1261 2473 6111166611.

168 2500 206 2577 11
229 2495 278 2559 ed.
297 2493 443 2575 Mueller)
466 2499 499 2557 et
522 2511 547 2558 c.
568 2497 606 2557 31
629 2492 679 2575 (11.
704 2498 765 2557 348
786 2494 823 2557 R.
845 2493 883 2558 11.
910 2499 948 2558 14
971 2493 1033 2577 111)ν
1049 2496 1261 2569 inveniuntur.

166 2606 347 2672 Posteriore
381 2603 448 2671 loco
483 2601 674 2668 Plutarchus
707 2602 783 2666 dicit
816 2603 929 2666 miram
963 2603 1049 2671 illam
1083 2606 1123 2670 de
1144 2604 1266 2679 Solonis

165 2715 269 2781 cinere
290 2730 348 2795 per
369 2713 502 2778 insulam
525 2710 717 2777 Salaminem
752 2710 892 2799 disperso
931 2713 1145 2786 narrationem
1167 2732 1264 2793 quum

166 2822 206 2887 ab
228 2822 299 2886 aliis
319 2821 467 2903 gravibus
491 2819 673 2885 auctoribus
694 2824 763 2883 tum
786 2820 825 2884 ah
849 2820 1019 2886 Aristotele
1049 2821 1143 2904 tradi,
1167 2828 1266 2903 atque

167 2932 278 2992 666116
297 2933 420 2993 tantam
451 2929 672 2995 auctoritatem
703 2948 774 2993 eam
806 2929 935 2995 relicere
968 2930 1177 3021 1111116611),
1210 2932 1278 3019 6611Ι

165 3036 300 3103 sortasse
320 3034 511 3103 Plutarchus
524 3036 736 3116 Aristotelem,
759 3041 904 3118 quamvis
924 3039 949 3103 is
971 3038 1063 3106 illam
1081 3058 1149 3106 rem
1175 3040 1208 3107 16
1217 3060 1274 3105 616.

167 3145 305 3213 nuntiari
327 3144 494 3223 retulisset,
517 3144 585 3209 eius
609 3150 771 3213 auctorem
784 3146 929 3215 reddidit.
953 3145 992 3211 Id
1013 3147 1098 3215 enim
1119 3153 1274 3243 nostrum,

166 3255 350 3335 scriptorem
373 3255 446 3319 alibi
474 3253 600 3337 fecisse,
630 3253 712 3323 infra
745 3255 1030 3339 demonstrabimus
1068 3256 1119 3338 (61.
1142 3277 1172 3343 p.
1186 3258 1274 3347 23.)

165 3366 310 3447 Apparet
328 3365 543 3447 Aristotelem,
567 3383 666 3451 quum
689 3365 729 3437 de
750 3356 862 3437 Solone
884 3371 1003 3451 ageret,
1021 3367 1274 3449 1111666666,

165 3490 313 3538 morasse.
360 3473 466 3539 Altero
497 3490 572 3537 vero
603 3473 672 3538 loco
711 3471 904 3537 Plutarchus
934 3463 986 3537 de¹
1006 3474 1159 3539 columnis
1194 3476 1265 3556 illis,

164 3598 248 3662 quae
275 3570 388 3660 ὅξονες
416 3579 619 3659 uocabantur,
640 3581 847 3649 Aristotelem
882 3586 996 3649 testem
1018 3583 1177 3663 producit
1216 3583 1265 3648 his

167 3687 243 3769 ipsis
280 3688 400 3754 verbis:
446 3677 555 3766 Ἰσχύν
593 3685 629 3752 δὲ
670 3690 743 3763 τοῖς
771 3682 884 3770 νόμοις
925 3692 1026 3755 πᾶσιν
1042 3687 1118 3768 ’,εἰς’
1138 3686 1264 3757 xhaardv

273 3839 299 3905 1)
317 3808 456 3913 Equidem
475 3832 645 3891 addiderim:
666 3841 756 3891 senia
772 3837 860 3907 ipsine
879 3818 1011 3909 (fortasse
1028 3818 1067 3897 ad
1074 3830 1179 3894 librum
1197 3826 1271 3896 acri?

165 3931 299 4000 bendum)
320 3949 368 4007 seu
385 3930 415 3985 in
435 3930 635 4000 discipulorum
652 3949 742 3993 usum,
1080 4000 1083 4007 ¹
1269 3932 1273 3945 ¹

274 4028 302 4099 2)
319 4026 451 4098 conferas
472 4028 606 4083 Groteum
625 4030 690 4099 (vol.
708 4028 735 4084 ΙΙ
752 4048 780 4099 p.
801 4030 872 4101 124)
1213 4016 1217 4023 ’
