2892 4675
595 249 597 256 .
700 216 720 277 9

169 403 278 484 quitus
299 400 539 469 Atheniensium
561 398 666 478 luisse,
690 398 737 464 ita
757 397 846 463 utin
867 393 1106 462 Atheniensium
1126 393 1263 478 gratim

171 513 382 581 controversia
403 511 613 578 dirimeretur.

249 620 369 699 Quodsi
383 618 590 686 statuerimus
602 615 748 692 Solonem
761 614 842 681 cirea
857 632 886 678 a.
898 616 958 678 565
978 611 1144 678 revertisse
1163 609 1264 694 (quod

167 730 294 813 quidem
309 713 376 797 veri
389 728 592 809 simillimum,
616 725 760 806 quamvis
780 741 845 789 non
855 728 942 789 certo
959 720 1263 805 demonstrandum),

168 840 266 906 etiam
286 840 346 905 hoo
366 837 434 904 lere
454 842 598 918 tempore
619 834 850 916 expeditionem
871 832 989 899 1551555
1010 848 1080 897 5555
1093 847 1263 896 sumemus.

168 948 232 1015 Sed
254 947 388 1016 15515555
408 946 490 1012 inter
509 945 643 1012 Nisaeae
664 942 931 1025 expugnationem
954 947 1051 1022 atque
1082 940 1170 1022 pacis
1194 957 1264 1004 con·

171 1056 367 1122 stitutionem
389 1054 529 1122 nonnulli
548 1054 622 1117 anni
642 1052 898 1117 intercesserint
951 1049 1054 1116 Multo
1086 1065 1162 1115 vero
1191 1052 1265 1114 ante

171 1182 287 1233 aunum
308 1168 368 1229 565
390 1162 446 1228 1115
469 1160 554 1230 faeta
575 1178 725 1227 essenon
746 1162 860 1241 potest,
892 1159 976 1240 quod
1003 1158 1143 1239 alioquin
1173 1176 1266 1224 resa

170 1273 334 1337 Pisistrato
356 1275 464 1353 gestae
487 1291 504 1336 5
525 1270 636 1351 populi
658 1268 811 1332 memoria
832 1267 1039 1347 evanuissent,
1062 1272 1160 1348 atque
1179 1266 1266 1332 fama

169 1380 347 1450 1111555555
367 1379 542 1459 conquisita
561 1378 590 1442 ei
611 1394 693 1441 anno
718 1379 779 1441 560
797 1393 859 1442 non
880 1379 1005 1442 tanum
1024 1376 1173 1457 prodesse
1193 1392 1265 1457 pro·

171 1491 295 1556 luisset.

256 1598 372 1676 Quodsi
392 1600 516 1663 constat
540 1595 742 1660 Pisistratum
772 1593 1003 1675 expeditionem
1031 1598 1140 1661 contra
1158 1592 1266 1677 Mega·

168 1726 275 1775 censes
299 1707 409 1772 1551555
431 1710 527 1787 atque
558 1705 629 1770 dolo
662 1722 758 1786 supra
789 1708 1033 1769 commemorato
1068 1722 1160 1770 rusum
1186 1722 1264 1785 esse,

169 1817 314 1884 videmus
333 1816 367 1880 in
388 1814 570 1896 narratione
591 1812 754 1880 Plutarchi
776 1812 818 1895 (c.
831 1814 864 1894 8)
887 1813 1037 1878 nonnulla
1056 1818 1144 1881 recta
1163 1813 1266 1880 inesse

171 1927 224 1993 551
243 1925 348 2006 potius
370 1924 495 1992 occulte
517 1942 595 1989 esse.
640 1923 678 1988 ld
699 1940 783 1999 vero,
818 1921 903 2003 quod
928 1922 968 1987 de
989 1940 1054 1987 una
1074 1923 1147 1988 navi
1168 1923 1265 1990 tradi·

168 2040 231 2117 tur,
267 2055 308 2102 ex
335 2053 413 2102 vena
445 2034 485 2099 de
504 2033 627 2099 Solonis
652 2032 850 2114 expeditione
880 2031 1062 2099 narratione
1083 2037 1266 2115 exemptum

168 2163 237 2212 esse
259 2144 393 2223 videtur,
417 2160 514 2224 quam
535 2142 730 2210 Plutarchus
753 2146 808 2207 59
830 2145 915 2206 reete
936 2139 1071 2222 profert.

253 2254 439 2322 Aoouratius
468 2253 507 2319 de
545 2251 593 2322 his
626 2252 721 2318 rebus
757 2251 1003 2333 disputavimus,
1040 2252 1116 2333 quia
1144 2251 1266 2318 Thirl·

170 2366 306 2431 wallus
328 2363 524 2443 (Hist.Gr.2
545 2381 575 2444 p.
590 2367 630 2428 26
652 2362 778 2428 noted.
800 2360 950 2445 Schmitz)
964 2361 987 2445 ¹)
1008 2363 1184 2429 remedium
1204 2363 1267 2429 iam

171 2474 356 2541 aBulwero
378 2470 513 2555 (Atheus
538 2490 569 2553 p.
586 2470 660 2554 138)
683 2471 858 2536 adhibitum
880 2472 960 2537 duas
975 2471 1192 2553 expeditiones
1202 2475 1266 2538 sta·

170 2583 291 2663 tuendi,
312 2599 375 2663 quo
397 2597 507 2645 omnes
517 2578 702 2646 dilabuntur
712 2578 925 2660 difficultates,
939 2579 993 2644 vix
1009 2584 1139 2646 nostrae
1152 2581 1268 2648 aetatis

170 2692 285 2760 criticis
308 2689 479 2772 probatum
506 2689 545 2753 iri
565 2687 654 2754 dixit.
710 2688 781 2770 lpse
814 2706 889 2754 vero
920 2689 1042 2756 coniicit
1062 2687 1267 2757 Plutarchum

169 2802 209 2869 de
228 2806 371 2881 tempore
394 2798 554 2866 Pisistrati
576 2804 608 2863 et
629 2797 751 2864 Solonis
780 2817 897 2875 errare,
928 2804 1024 2880 atque
1052 2816 1147 2864 unam
1173 2816 1267 2880 expe·

172 2911 322 2981 ditionem
341 2909 442 2974 multo
464 2911 536 2989 post
563 2908 683 2973 factam
712 2926 790 2975 esse.
844 2906 945 2986 Quam
980 2908 1190 2975 coniecturam
1219 2909 1269 2975 vir

171 3018 250 3084 alias
271 3016 467 3083 cautissimus
490 3022 522 3081 et
542 3016 806 3097 prudentissimus
840 3035 874 3082 55
906 3017 1016 3085 fulcire
1047 3033 1140 3097 posse
1172 3022 1268 3099 putat

171 3145 229 3209 per
248 3126 417 3195 Laertium'
433 3125 615 3208 Diogenem,
649 3125 800 3191 miserum
831 3126 923 3190 illum
953 3125 1265 3209 consoribillatorem,

171 3376 226 3430 erit
243 3392 305 3430 oum
323 3376 376 3429 hoc
394 3376 455 3430 1555
475 3375 559 3430 etiam
579 3375 613 3430 de
632 3374 758 3431 versibus
776 3393 793 3429 a
809 3375 909 3430 Solone
935 3376 965 3429 in
981 3375 1094 3430 navium
1111 3376 1268 3447 catalogum

169 3470 278 3526 infertis
296 3471 456 3540 disputasse
477 3473 562 3538 atque
591 3476 647 3528 τοῖς
664 3472 784 3536 πολλοῖς,
812 3486 880 3538 quos
906 3469 1071 3525 Plutarchus
1091 3469 1154 3537 (Sol.
1181 3474 1267 3540 510)

170 3568 317 3631 memorat,
336 3565 573 3619 adnumerandum
591 3582 661 3619 esse.
697 3565 752 3619 Hic
775 3568 824 3619 aut
850 3568 928 3620 certe
951 3564 1126 3637 Megarensis
1146 3567 1268 3637 scriptor

171 3664 257 3719 etiam
274 3662 446 3717 narrationis
464 3665 563 3716 auctor
579 3661 664 3716 fuisse
682 3661 804 3726 videtur,
824 3679 895 3731 quae
916 3663 991 3732 apud
1010 3662 1176 3718 Pausaniam
1192 3663 1264 3731 1,4o‚

171 3761 188 3812 4
206 3758 356 3813 invenitur.
386 3758 439 3811 Η15
457 3757 531 3811 enim
549 3757 637 3812 tradit
655 3756 834 3827 Megarenses
854 3758 958 3813 dixisse
976 3758 1071 3814 exules
1088 3758 1266 3830 Megarenses

170 3855 290 3909 insulam
311 3854 407 3909 Soloni
425 3853 589 3923 prodidisse.
613 3852 745 3906 Ceterum
763 3853 869 3909 Hereae
888 3855 1018 3911 notitiam
1035 3856 1137 3910 debere
1156 3857 1267 3910 videtur

171 3950 337 4005 Plutarchus
355 3944 519 4019 Hermippo,
545 3966 579 4002 ex
596 3965 651 4017 quo
668 3950 754 4004 etiam
772 3956 866 4006 cetera
882 3969 927 4005 me
945 3951 1038 4006 iudice
1055 3952 1154 4008 hausit.

241 4050 268 4115 1)
286 4046 475 4102 Thirlwallum
485 4049 515 4100 51
524 4044 660 4100 Groleum
670 4047 728 4102 cito
738 4064 774 4101 ex
794 4047 964 4103 editionibus
975 4048 1151 4119 germanicis,
1162 4049 1265 4119 quippe

172 4147 240 4203 quae
260 4132 288 4187 in
309 4128 507 4204 plerorumque
526 4133 654 4189 menibus
671 4140 828 4190 versentur.
