2892 4675
728 203 749 264 6

193 380 285 459 00011,
308 396 349 443 00
371 379 450 443 duas
458 376 498 443 de
517 376 640 456 duabus
655 380 695 446 ab
706 378 947 447 Atheniensibus
965 385 1075 447 contra
1089 382 1290 465 Megarenses

191 486 285 553 iactis
321 487 569 569 expeditionibus
600 488 642 554 ad
673 507 770 555 unam
803 489 924 556 Solonis
952 493 1161 559 transtulerit.
1216 494 1286 559 Hoc

191 596 400 663 Plutarchum
419 597 530 663 fecisse
550 597 636 664 haud
657 598 785 665 infitier.
828 598 933 677 Quum
958 620 1030 668 vero
1052 602 1149 667 etiam
1180 601 1220 666 dc
1243 602 1291 669 1010

192 707 441 789 expeditionibus
462 707 522 773 viri
545 707 627 773 docti
649 709 736 773 varie
757 709 904 792 indicent,
927 711 1124 794 aptissimum
1142 712 1203 777 crit
1226 716 1290 779 sta·

192 818 250 884 tim
278 817 336 883 hoc
361 819 429 884 loco
449 817 489 883 de
510 836 549 885 ea
568 838 604 884 re
625 838 730 901 agere.

276 925 364 1003 Quae
385 926 500 993 diversi
520 928 688 1011 scriptores
711 927 750 995 de
781 928 829 994 1010
860 930 1111 1011 expeditionibus
1143 930 1291 1012 produnt,

192 1053 256 1102 non
273 1040 421 1104 accurata
442 1038 531 1117 sunt,
554 1037 709 1104 sedeatis
733 1042 818 1104 certe
842 1039 886 1104 eis
906 1037 1033 1120 probari
1062 1038 1186 1105 videtur
1214 1040 1293 1105 duas

192 1161 260 1211 esse
279 1143 473 1226 statuendas,
497 1150 594 1228 atque
616 1146 662 1211 ita
687 1147 785 1211 etiarn
806 1146 946 1213 Iustinus
968 1146 1077 1229 (quern
1097 1148 1195 1229 Trogi
1214 1148 1289 1214 scri·
1350 1165 1356 1171 ’

195 1254 251 1319 010
274 1252 468 1336 Theopompi
496 1256 691 1339 compilantis
712 1256 826 1322 librum
848 1257 1039 1339 excerpsisse
1061 1257 1197 1339 constat)
1217 1259 1239 1323 l.
1262 1257 1294 1329 Π

193 1380 222 1428 0.
252 1366 271 1425 0
310 1363 575 1448 expugnationem
608 1363 819 1433 Salaminiae
849 1364 962 1432 Solone
991 1369 1088 1447 atque
1118 1367 1293 1433 Nicaeaea

192 1470 357 1538 Pisistrato
399 1479 561 1555 peractam
597 1474 755 1542 discernit.
807 1477 949 1542 Primum
984 1482 1092 1543 autem
1129 1478 1293 1544 Plutarchi

125 1623 127 1630 <
192 1582 407 1652 narrationem
444 1584 693 1665 perlustremus‚
723 1587 809 1666 quod
838 1590 948 1652 nostra
981 1586 1150 1666 praecipue
1183 1585 1315 1651 001001..

191 1691 251 1758 Η10
271 1709 295 1756 0.
308 1696 327 1755 8
339 1695 451 1757 narrat
470 1692 673 1758 Pisistratum
696 1710 762 1757 una
783 1710 854 1757 cum
877 1690 988 1756 Solone
1008 1692 1090 1756 cives
1110 1692 1151 1757 ad
1171 1691 1290 1756 bellum

192 1803 302 1866 contra
323 1799 526 1882 Megarenses
549 1800 764 1868 renovandum
786 1799 991 1868 adhortatum
1011 1804 1107 1880 atque
1133 1818 1205 1866 cum
1230 1799 1286 1865 illo

191 1909 233 1976 ad
254 1907 440 1976 bellandum
466 1910 642 1993 profectum
674 1929 753 1977 esse.
796 1909 943 1977 Solonem
981 1915 1088 1975 autem
1119 1927 1218 1978 00000
1249 1909 1291 1975 ad

176 2019 440 2102 'promontorium
464 2018 624 2086 (loliadem
655 2020 814 2103 appulisse
843 2024 951 2101 atque,
986 2037 1084 2101 quum
1117 2020 1160 2085 ibi
1194 2018 1291 2086 Athe·

189 2128 314 2196 0100000
335 2127 468 2193 feminas
489 2128 611 2195 Cereris
636 2129 720 2194 diem
743 2128 859 2196 festum
872 2134 1002 2210 agentes
1013 2128 1191 2210 invenisset,
1212 2146 1291 2196 nun·

189 2237 271 2302 tium
294 2236 336 2301 ad
353 2236 555 2319 Megarenses
569 2239 699 2319 misisse,
721 2240 776 2320 qui
786 2240 858 2305 illos
872 2239 1065 2318 admoneret,
1090 2242 1127 2303 ut
1136 2239 1286 2312 mulieres

189 2346 347 2427 raperent.
368 2346 446 2413 Illos
466 2366 531 2413 una
549 2348 622 2415 navi
650 2349 797 2417 adrectos
819 2349 859 2415 ab
880 2348 1128 2415 adolescentibus
1146 2348 1287 2414 vestibus

190 2455 394 2525 muliebribus
414 2454 542 2538 indutis,
565 2474 645 2538 quos
664 2458 758 2525 Solon
781 2459 813 2524 in
834 2477 891 2524 000
918 2457 1090 2539 posuisset,
1122 2473 1285 2539 oppressos

190 2582 267 2631 esse.
310 2565 432 2631 Deinde
453 2563 599 2633 Solonem
619 2567 694 2634 0001
722 2568 861 2648 potitum
880 2570 979 2647 atque
1006 2564 1201 2630 Salaminem
1221 2580 1291 2646 pro·

189 2673 307 2741 1001000
329 2673 464 2739 insulam
490 2692 698 2755 expugnasse.
753 2674 841 2740 Haec
863 2672 1012 2751 narratio,
1035 2689 1131 2752 quam
1152 2672 1185 2737 in
1206 2671 1293 2755 vulgi

190 2801 244 2849 ore
256 2784 377 2849 versari
398 2774 544 2866 (δημώδη
555 2775 727 2864 λεγόμενα)
734 2781 925 2847 Plutarchus
946 2781 1030 2862 dicit,
1054 2799 1130 2847 0000
1143 2798 1212 2847 esse
1229 2798 1293 2847 000

190 2895 304 2974 potest.
347 2891 494 2972 Namque
512 2891 649 2973 primum
670 2891 755 2973 quod
776 2891 961 2957 Pisistratus
993 2890 1077 2957 bello
1112 2889 1294 2958 interfuisse

194 2998 319 3078 dicitur,
332 2998 391 3090 ⁴hic
413 3017 449 3064 00
461 3003 613 3083 tempore,
636 3018 698 3080 quo
709 3000 845 3075 Salamis
867 3020 886 3066 a
908 2999 1025 3067 Solone
1045 2999 1293 3081 expugnabatur

59 3158 64 3171 .
191 3109 270 3189 (0100
296 3126 378 3175 anno
401 3105 653 3189 6040100090,
684 3115 770 3177 00010
793 3115 868 3177 0010
899 3109 1018 3176 bellurn
1041 3107 1222 3185 Orissacum
1256 3111 1289 3172 et

187 3218 334 3286 Solonem
356 3219 553 3302 archontem)
574 3221 714 3289 nondum
737 3238 808 3287 eam
839 3222 980 3284 aetatem
1011 3222 1174 3283 assecutus
1207 3222 1286 3295 erat

185 3345 249 3410 qua
270 3327 299 3391 ei
319 3325 435 3392 licebat
456 3325 612 3408 stipendia
631 3326 748 3392 facere.
801 3325 863 3392 Sed
874 3326 970 3391 etiam
980 3324 1113 3391 dubium
1135 3330 1193 3406 est,
1214 3343 1290 3391 num

187 3435 250 3501 iam
269 3430 368 3500 natus
386 3433 482 3500 fuerit
501 3454 538 3501 eo
560 3438 712 3516 ternpore,
735 3450 872 3513 namque
896 3451 970 3498 eum
991 3434 1073 3500 circe
1094 3452 1123 3498 a.
1150 3439 1210 3500 600
1232 3452 1286 3498 na·

189 3548 258 3609 tum
277 3562 346 3609 esse
362 3541 1086 3624 0001001010000000001101.1100010001000010.
1102 3543 1131 3610 d.
1147 3543 1286 3611 Alterth.

188 3652 249 3716 001.
272 3651 364 3734 1110.
389 3657 450 3717 204
471 3656 504 3716 01
524 3654 584 3718 200
605 3656 670 3718 001.
702 3653 733 3734 1)
766 3668 864 3732 quum
890 3644 1023 3737 γηραιός
1054 3651 1209 3736 (Thucyd.
1232 3652 1286 3732 Vl,

192 3759 245 3842 04)
269 3779 297 3825 0.
321 3766 381 3826 007
403 3765 587 3827 moreretur.
633 3760 695 3826 000
717 3780 788 3828 cum
807 3758 949 3827 (11101000
976 3761 1079 3842 (10001.
1112 3762 1196 3827 Ηο11
1218 3762 1234 3828 Ι
1255 3780 1290 3841 p.

194 3874 253 3933 225
275 3889 300 3934 s.
322 3889 350 3935 a.
374 3875 455 3951 596),
471 3888 564 3950 quem
584 3870 750 3937 Fischerus
772 3869 910 3954 (Zeittaf.
934 3889 964 3950 p.
989 3870 1061 3953 113)
1084 3889 1121 3936 ac
1142 3871 1286 3951 plerique

193 3981 378 4058 sequuntur,
400 3979 468 4059 ipso
490 3996 571 4043 anno
593 3982 879 4045 0900000001οω
901 3995 969 4044 esse
993 3996 1164 4058 sumamus,
1197 3979 1287 4044 nulla

195 4089 244 4151 001
265 4104 369 4153 cansa.
396 4088 572 4157 Voemelins
595 4089 898 4170 autemlllxercitat
919 4088 1096 4167 chronolog.
1118 4086 1157 4153 de
1179 4092 1286 4159 aetate

768 4444 845 4637 l
