2892 4675
689 206 709 267 3

151 390 268 471 partim
290 407 327 456 eo
340 385 572 470 explicandum,
593 385 678 467 quod
692 405 733 452 ex
746 387 898 452 memoria
914 388 999 453 citet.
1022 387 1122 470 Saepe
1136 404 1246 455 versus

155 516 218 566 nou
240 497 355 580 integri
382 500 467 576 sunt,
481 496 555 575 quia
577 495 693 561 illosin
707 497 919 561 narrationem
941 496 1069 579 intexit;
1090 497 1248 564 interdum

153 608 249 676 etiam
281 623 389 672 versus
411 604 589 686 transponit
612 603 663 670 vel
693 621 754 684 eos,
777 604 831 685 qui
859 604 1028 671 ediversis
1060 605 1249 671 carminibus

157 717 256 784 sumti
277 720 360 795 sunt,
383 714 474 794 quasi
497 697 845 795 continuoscomponit.

236 824 354 904 Quodsi
369 822 493 889 Solonis
505 822 644 895 carmina
651 839 881 904 percurremus,
899 827 935 888 nt
946 822 1118 902 rideamne,
1141 829 1249 903 quate·

153 954 213 1002 nus
247 940 280 1000 et
311 951 374 1015 quo
405 932 498 998 modo
521 930 711 998 Plutarchus
735 932 779 998 eis
798 950 874 996 usus
898 933 948 1012 sit,
972 933 1168 1015 aptissimum
1190 934 1250 999 erit

48 1122 51 1127 Ι
154 1063 192 1109 11
207 1042 346 1109 dividere
366 1041 518 1107 incivilia
537 1041 557 1105 i.
572 1060 599 1106 e.
613 1059 660 1122 oa,
679 1059 763 1121 quae
780 1042 821 1108 ad
844 1042 926 1106 cives
948 1046 981 1107 et
1001 1061 1069 1107 rem
1091 1042 1247 1122 publicam

152 1171 190 1218 ao
212 1152 299 1232 talia,
322 1170 403 1233 quae
425 1152 525 1233 magis
551 1150 592 1216 ad
611 1149 735 1216 Solonis
758 1151 857 1216 vitam
880 1152 1038 1233 privatam
1059 1151 1248 1233 pertineant,

152 1278 248 1341 quum
281 1260 412 1340 vulgata
441 1258 581 1339 partitio,
599 1258 646 1322 ,in
674 1275 738 1337 qua
765 1263 904 1323 metrum
932 1259 1114 1340 respicitur,
1140 1263 1248 1325 nostro

89 1388 93 1391 ’
150 1368 276 1447 quidem
298 1365 423 1432 11111111
443 1364 640 1429 incommoda
661 1364 712 1444 sit,
747 1365 823 1443 quia
844 1364 970 1430 diversa
993 1365 1125 1431 metrica
1147 1364 1250 1430 forma

149 1494 213 1543 non
240 1474 418 1555 argumenti
444 1474 665 1540 deversitatem
697 1473 846 1539 continet.
896 1473 969 1539 Utri
1002 1479 1109 1539 tamen
1122 1556 1125 1561 ἣ
1139 1475 1247 1555 generi

150 1586 303 1654 nonnulla
323 1583 502 1664 fragmenta
522 1583 712 1663 assignanda
735 1583 808 1663 sint,
830 1583 885 1647 vix
908 1583 1034 1649 decerni
1054 1585 1182 1665 poterit.

122 1767 124 1774 ¹
232 1692 320 1757 Inter
332 1692 433 1758 civilia
455 1691 603 1771 carmina,
628 1709 710 1772 quae
731 1692 821 1758 nobis
847 1691 975 1773 plurimi
999 1691 1143 1758 facienda
1163 1697 1247 1773 sunt,

147 1802 286 1884 primum
301 1802 404 1866 locum
415 1801 536 1866 obtinet
547 1800 743 1866 notissimum
755 1800 835 1865 illud
850 1798 1039 1883 Σαλαμίς
1053 1801 1246 1883 inscriptum,
1280 1823 1284 1838 ‘

149 1911 237 1976 cuius
262 1910 385 1975 initium
417 1914 450 1976 et
477 1908 548 1975 finis
577 1909 668 1975 nobis
699 1915 827 1975 servata
859 1915 942 1975 sunt.
991 1910 1116 1977 Primos
1138 1927 1248 1976 versus

149 2019 242 2084 huius
263 2021 392 2102 elegiae,
407 2037 489 2099 quae
513 2024 657 2084 »centum
670 2021 804 2083 venuste
819 2018 1060 2099 compositorum
1077 2038 1244 2085 versuum«

148 2133 226 2209 erat,
259 2127 451 2194 Plutarchus
477 2125 661 2195 18111111
689 2131 787 2207 atque
819 2125 964 2192 Solonem
1000 2145 1071 2193 eam
1102 2131 1246 2195 cantasse

148 2243 268 2303 narrat.
313 2237 381 2303 Hoc
406 2238 523 2302 multos
553 2235 734 2302 recentioris
758 2234 828 2301 aevi
856 2236 940 2301 viros
968 2236 1079 2303 doctos
1104 2236 1242 2318 offendit,

149 2346 342 2425 quinetiam
370 2344 593 2425 Bernhardyus
613 2343 763 2421 (Gruudr.
786 2343 816 2408 d.
839 2364 886 2426 gr.
909 2345 970 2410 Lit.
992 2346 1057 2426 H2,
1081 2352 1096 2410 l
1118 2366 1149 2428 p.
1169 2348 1244 2430 446)

149 2452 323 2518 Plutarcho
341 2453 461 2518 crimini
472 2452 537 2532 dat,
553 2452 638 2533 quod
647 2471 715 2516 rem
731 2454 837 2536 inepte
858 2455 1067 2520 exornaverit.
1091 2455 1151 2520 Sed
1170 2456 1244 2521 Plu·

147 2559 295 2627 tarchum
317 2560 547 2626 defendendum
570 2579 638 2627 esse
661 2565 748 2643 puto,
771 2567 876 2643 atque,
900 2580 998 2643 quum
1020 2562 1116 2628 etiam
1137 2562 1176 2627 de
1196 2564 1243 2645 iis,

147 2689 230 2752 quae
250 2671 441 2736 Plutarchus
469 2671 565 2753 paulo
596 2674 670 2735 ante
699 2671 806 2752 tradit,
829 2673 1039 2738 recentiorum
1062 2672 1178 2739 iudicia
1198 2673 1243 2738 di·

146 2798 239 2846 versa
258 2781 330 2861 sint,
359 2780 570 2847 necessarium
597 2780 658 2846 crit
685 2781 846 2861 aliquanto
869 2783 1048 2848 accuratius
1069 2781 1108 2847 de
1127 2782 1186 2847 hac
1209 2801 1244 2847 re

148 2907 253 2971 agere.
282 2962 284 2965 ,
1026 2882 1042 2911 '

231 2998 422 3065 Plutarchus
445 3004 539 3067 autea
566 2999 709 3065 narravit
738 2999 944 3069 Athenienses
973 3000 1028 3065 diu
1056 2999 1140 3066 bello
1170 3019 1242 3067 oum

145 3107 383 3189 Megarensibus
414 3112 544 3190 propter
579 3107 771 3175 Salaminem
802 3109 939 3176 insulam
967 3109 1133 3176 infeliciter
1152 3114 1241 3192 gesto

148 3217 328 3298 decrevisse,
350 3222 388 3284 ut
402 3218 438 3297 is,
460 3220 514 3298 qui
528 3219 630 3284 denuo
646 3218 686 3283 de
705 3216 865 3284 Salamine
881 3221 1098 3300 recuperanda
1110 3219 1242 3286 referret

145 3327 197 3395 111
218 3328 409 3407 loqueretur,
432 3327 545 3408 capitis
565 3326 788 3408 damnaretur3
809 3327 955 3395 Solonem
975 3346 1049 3394 vero
1071 3329 1241 3409 ignominia

144 3436 368 3503 exacerbatum
390 3435 498 3503 dolum
514 3437 718 3517 excogitasse,
736 3442 773 3501 ut
793 3437 873 3518 legis
896 3437 960 3502 vim
976 3438 1128 3517 eluderet,
1150 3458 1241 3520 prae·
1331 3441 1333 3445 ’

143 3546 253 3612 sertim
272 3563 372 3625 quum
398 3545 528 3611 uidisset
559 3545 675 3610 multos
700 3547 829 3612 iuvenes
849 3545 1059 3613 Athenienses
1081 3548 1158 3614 belli
1185 3549 1240 3612 ini·

142 3655 224 3721 tium
244 3658 438 3735 exspectare.
486 3654 612 3724 1111111
634 3655 784 3721 simulata
805 3655 960 3736 pileatum
981 3657 1014 3723 in
1034 3656 1138 3726 iorum
1160 3659 1240 3725 irru-

142 3764 227 3845 pisse
258 3762 363 3843 ibique
395 3781 511 3846 magna
543 3763 745 3829 multitudine
776 3764 1004 3831 circumdatum
1036 3785 1054 3832 e
1079 3768 1241 3846 praeconis

143 3875 296 3955 suggestu
312 3871 446 3952 elegiam
468 3876 622 3937 cantasse.
653 3871 691 3935 In
710 3872 771 3938 hac
793 3873 957 3939 Plutarchi
977 3874 1158 3939 narratione
1179 3874 1240 3941 duo

143 3980 211 4046 veri
237 3979 399 4045 dissimilia
422 3984 504 4061 sunt,
527 3998 722 4063 quamquam
759 3980 843 4064 apud
875 3982 1042 4067 plerosque
1073 3984 1240 4071 scriptores

142 4089 355 4170 inueniuntur,
382 4089 436 4170 qui
457 4090 503 4156 rei
533 4090 723 4155 mentionem
740 4090 869 4170 faciunt,
893 4109 930 4156 ao
952 4091 1090 4176 primum
1113 4092 1240 4174 quidem
