2892 4675
162 355 457 468 uerbumersarilrlt
483 380 753 465 »necquidquam
773 387 886 464 mutat,
904 383 962 450 nisi
982 386 1065 467 quod
1081 388 1114 454 in
1134 388 1260 457 brevius

162 490 338 557 contrahit«
372 488 507 573 (Usener
534 492 627 557 Anal.
657 491 815 574 Theophr.
836 512 867 575 p.
883 493 915 575 1)
949 494 1122 579 Utriusque
1151 503 1261 566 autem

167 600 263 667 verba
283 617 324 664 ex
344 599 478 666 adverso
497 617 631 681 ponam:

377 779 639 848 Aristottt1eles
926 787 1113 858 Laertius
1132 789 1235 874 Diog.

161 902 252 995 (οἷον
287 913 342 979 καί
375 908 413 979 τὸ
449 908 564 981 Θάλεω
584 916 643 979 τοῦ
675 914 860 1003 Μιλησίου)
913 922 1015 1009 (Φησὶ
1051 922 1088 989 δέ
1116 924 1171 990 καὶ
1206 922 1261 991 Ἰε-

163 1015 387 1104 όναιὸιζόντιον
408 1017 468 1108 γὰρ
489 1015 577 1108 αὐτῷ
599 1018 654 1088 διὰ
669 1018 731 1110 τήν
745 1024 862 1091 πενίαν
913 1026 1063 1116 ρώνυμος
1078 1026 1113 1099 ,ὁ
1139 1026 1263 1111 Ῥόδιος

160 1124 208 1207 (ἐς
229 1120 419 1217 ἀνωφελοῦς
444 1134 501 1217 τῆς
532 1131 734 1260 φιλοσοφίας
763 1124 863 1221 οὔσης
912 1139 946 1207 ἐν
972 1143 1020 1226 τῷ
1041 1138 1184 1229 δευτέρῳ
1197 1144 1263 1208 τῶν

163 1232 463 1339 κατανοήσαντά
480 1263 581 1327 φασιν
595 1234 694 1309 αι’τόν
713 1243 863 1310 ἐλαιῶν
912 1243 1133 1334 σπορίόην(
1115 1273 1263 1336 υπομνη·

162 1345 299 1439 φορὰν
320 1348 526 1435 ἐσομένην
554 1348 590 1415 ἐκ
617 1354 676 1437 τῆς
701 1342 864 1435 αστοολο-
913 1355 1035 1446 μάτων,
1058 1352 1123 1462 ὅτι)
1141 1353 1262 1441 βοιλό-

159 1458 230 1545 γίας
252 1454 300 1525 ἔτι
325 1462 485 1542 χειμῶνος
506 1448 601 1539 ἐντος
633 1483 865 1547 ευπορησαντα
912 1493 1011 1556 μενος
1031 1468 1136 1549 (λεῖξαι
1151 1460 1264 1554 ῥᾴδιον

159 1560 333 1653 χρημάτων
355 1558 474 1653 ὀλίγων
486 1559 678 1651 αρραβῶνας
697 1568 863 1634 διαδουναι
912 1598 998 1640 ειναι
1017 1577 1183 1656 πλοιτειν,
1199 1598 1260 1660 φο·

162 1679 229 1744 τοῖν
247 1675 533 1761 ,ἐλαιουργίων
552 1679 619 1741 τῶν
639 1675 704 1740 τ’ἐν
719 1674 860 1762 Μιλήτῳ
914 1687 973 1768 ρᾶς
981 1677 1166 1768 μελλούσης
1176 1680 1263 1746 ἐλαι-

160 1784 216 1852 καὶ
235 1783 311 1871 Χίφ
331 1779 476 1866 πάντων,
505 1774 614 1867 ὀλίγον
647 1776 860 1867 μισθωσά·
907 1794 956 1856 ὧν
992 1786 1147 1869 ἔσεσθαι,
1176 1810 1262 1872 προ·

161 1889 343 1977 μενονᾶτ*
353 1885 485 1970 οὐδενὸς
495 1886 736 1975 ἐπιβάλλοντος·
747 1887 860 1978 ἐπειδὴ
910 1892 1029 1985 νοήσας
1047 1889 1263 1980 ἐμισθώσατο

165 2002 192 2067 δ’
217 1996 368 2084 ὁκαιρός
395 1986 461 2079 ἧκε,
495 2001 629 2074 πολλῶν
659 1999 862 2086 ζητουμένων
910 2005 953 2076 τὰ
975 2007 1176 2091 ἐλαιουργεῖα
1210 2001 1265 2070 καὶ

165 2104 231 2194 ἅμα
246 2110 300 2175 καὶ
312 2109 473 2196 ἐξαίφνης,
486 2107 722 2192 ἐκμισθοῦντα,
737 2100 775 2174 ὃν
785 2105 863 2194 τρό·
910 2112 1122 2198 πάμπλειστα
1136 2112 1267 2179 συνέλε-

163 2243 230 2287 πον
249 2211 417 2302 ἐβούλετο,
439 2213 547 2284 πολλοὶ
565 2212 755 2303 χρήματα
776 2218 862 2283 συλ-
911 2226 946 2307 ξε
968 2218 1128 2310 χρήματα.

163 2326 338 2409 λέξαντα
364 2325 583 2408 ἐπιδεῖξαι
621 2319 686 2392 ὅτι
718 2319 863 2414 ῥᾴδιόν

165 2436 258 2504 ἐστι
278 2437 487 2505 πλουτεῖν
501 2440 573 2515 τοῖς
593 2432 803 2526 φιλοσόφοις,
825 2433 864 2505 ἐν

163 2539 356 2629 βούλωνται,
387 2534 455 2609 ἀλλ’
480 2535 519 2621 οὔ
540 2544 628 2611 τοῦτ’
651 2542 719 2613 ἐστι
744 2547 822 2632 περὶ
844 2539 863 2614 ὃ

166 2649 416 2737 σπουδάζουσιν.
520 2698 523 2707 .

216 2804 219 2827 '
250 2820 284 2886 Si
316 2820 482 2900 utriusque
513 2821 711 2887 narrationes
736 2823 975 2903 comparaveris,
1008 2823 1148 2889 invenies
1181 2814 1265 2901 apud

169 2926 362 3009 Hieronyum
386 2928 452 2995 fere
470 2930 592 2994 nullum
614 2930 677 3011 legi
699 2931 896 3012 vocabulum,
919 2932 1004 3014 quod
1017 2931 1102 3016 apud
1114 2931 1269 2996 Aristote-

167 3040 232 3104 lem
253 3038 342 3117 desit,
378 3038 424 3103 ita
446 3042 484 3103 ut
501 3038 631 3104 dubium
656 3057 726 3106 esso
748 3059 811 3106 non
832 3042 940 3122 possit,
963 3041 1038 3122 quin
1059 3040 1269 3120 Hieronymus

168 3147 368 3214 Aristotelem
390 3147 603 3229 exscripserit.
640 3148 699 3213 Hie
722 3150 932 3230 Hieronymus
953 3149 1091 3215 Rhodius
1115 3147 1166 3232 (cf.
1181 3146 1263 3212 Mul·

169 3258 226 3324 leri
248 3254 284 3319 F.
302 3254 341 3320 H.
367 3255 405 3321 G.
423 3254 455 3320 Π
475 3276 505 3338 p.
520 3261 581 3321 450
606 3262 670 3322 not.
689 3263 715 3322 1.
763 3258 852 3323 Voss.
874 3259 914 3323 do
937 3257 1009 3323 hut.
1031 3276 1076 3337 gr.
1100 3255 1148 3321 ed.
1170 3255 1267 3318 West.

160 3364 270 3446 'p.82)
294 3364 464 3445 discipulus
489 3363 667 3430 Aristotelis
696 3365 757 3429 luit
778 3364 951 3444 (Athenx
974 3385 1004 3447 p.
1022 3368 1083 3428 424
1102 3360 1151 3445 F.)
1172 3366 1268 3439 atque

172 3472 352 3538 Ptolemaeo
373 3472 475 3554 p'rimo
496 3478 648 3554 regnante
669 3471 757 3537 vixit.
781 3473 914 3540 Praeter
935 3474 1013 3539 alios
1031 3471 1128 3536 libros
1139 3468 1163 3553 ¹)
1186 3487 1267 3536 eorn-

245 3721 270 3783 1)
245 3717 368 3772 lWest
356 3718 596 3785 termannus(n0t
605 3717 640 3770 ad
651 3717 729 3772 Voss.
740 3718 799 3786 1..1)
817 3720 902 3789 atque
922 3719 950 3772 C.
961 3717 1098 3771 Miillerus
1115 3733 1150 3771 ex
1168 3715 1270 3768 Athen.

174 3813 208 3879 X,
218 3814 320 3868 leon.
338 3808 497 3884 Ἱερώνυμός
514 3832 542 3867 τε
561 3814 592 3868 ἐν
608 3809 1042 3886 ταῐςἘπιστολαιςΘεόφρασιόν
1038 3831 1115 3885 φησι
1133 3808 1272 3882 λέγεινὸτι

166 3892 384 3981 ’λλέξανιίρος’
356 3930 405 3963 ουκ
423 3900 452 3962 εὖ
471 3910 586 3964 ιλιέκειτο
606 3905 676 3979 πρὸς
695 3906 728 3962 τὰ
744 3907 897 3993 ἀφροδίσια
915 3926 1064 3981 perperam
1074 3908 1271 3963 concluserunt

174 3996 372 4074 Hieronymum
401 4007 486 4060 etiam
508 4005 649 4074 Epistolas
684 4006 837 4074 scripsisse
892 4005 1034 4060 Usenerus
1062 4008 1155 4058 autern
1179 4000 1268 4070 (Amal

172 4090 312 4169 uneopnr.
326 4116 364 4170 ’μ
377 4104 415 4170 9),
445 4103 493 4171 qui
520 4107 598 4183 rests
623 4100 763 4156 intellexit
791 4101 991 4177 Hieronymum
1017 4098 1207 4154 testimoninm
1235 4112 1270 4151 ex
