2892 4675
703 233 744 297 27

182 413 357 501 Plutarchi)
380 418 477 484 verba
499 434 567 484 esse
587 416 719 494 coniicit,
753 433 834 497 quae
855 417 1004 498 legantur
1036 436 1061 482 o.
1077 421 1135 482 21:
1171 401 1218 480 ὦν
1237 412 1278 480 τὰ

178 528 319 595 πλεῖστα
340 528 395 595 ιιαὶ
415 530 487 605 τοῖς
507 522 678 614 ἡμετέροις
698 520 812 609 νόμοις
830 518 1059 613 ἀπηγόρευται·
1081 520 1278 610 πρόσκειται

176 636 213 704 δὲ
242 641 314 717 τοῖς
335 634 505 725 ἡμετέροις
533 637 731 721 ζημιοῦσθαι
759 632 841 714 τούς
867 639 969 701 ταῦτα
999 639 1176 715 ποιοῦντας
1207 631 1275 702 sind

175 749 242 811 τῶν
263 740 515 832 γυναικονόμων.

259 855 349 934 Quae
369 854 466 920 verba
487 854 513 920 si
536 853 730 919 Plutarchea
750 852 888 928 duxeris,
911 851 968 917 tibi
989 852 1194 920 statuendum
1215 855 1277 919 crit

176 981 333 1029 unacum
356 962 512 1029 Bocchhio
537 962 657 1038 (Ueber
681 961 733 1027 die
756 961 862 1027 Atthis
892 961 946 1026 des
966 961 1173 1027 Philochorus
1196 963 1275 1029 Abh.

95 1089 103 1102 ·
179 1070 210 1136 d.
231 1071 316 1137 Berl.
338 1070 433 1137 Acad,
449 1075 528 1136 1832
551 1089 580 1153 p.
594 1072 647 1154 24)
670 1072 877 1137 Plutarchum
900 1070 938 1136 de
957 1070 1197 1153 gynaeconomis
1219 1087 1275 1152 pa·

179 1180 261 1245 triae
282 1180 368 1245 urbis
387 1178 587 1247 Chaeroneae
608 1182 720 1248 dicere.
771 1181 833 1246 Sed
856 1182 895 1244 de
916 1179 964 1246 hia
985 1179 1060 1245 alibi
1082 1165 1158 1243 nihil
1180 1181 1276 1246 tradi·

176 1293 323 1369 tumeat,
345 1308 447 1369 neque
470 1291 684 1373 intelligimus,
713 1289 789 1370 quid
821 1288 932 1353 horum
964 1289 1222 1353 commemoratio
1244 1289 1276 1353 in

177 1396 299 1461 Solonis
319 1399 387 1462 vita
403 1397 460 1462 sthi
473 1399 558 1463 velit.
581 1399 670 1464 Haec
691 1416 766 1464 vero
785 1388 865 1483 ἀρχὴ
888 1389 927 1460 ου’
948 1390 1106 1481 δημοτική
1131 1396 1277 1478 (Aristot.

176 1504 244 1569 Pol.
257 1502 311 1585 IV,
326 1510 407 1585 12,9
429 1505 481 1586 Vl,
502 1511 519 1571 5
541 1505 608 1582 fin.)
640 1505 773 1572 Athenis
793 1505 946 1570 Demetrii
974 1503 1119 1569 Phalerei
1149 1504 1278 1570 demum

175 1612 373 1696 legislatione
391 1614 432 1679 ad
462 1614 695 1681 aristocratiam
717 1620 869 1697 vergente
898 1615 1045 1680 instituta
1075 1629 1142 1679 esse
1172 1617 1277 1694 potest

102 1729 107 1738 ’
177 1719 299 1800 (itaque
328 1721 423 1786 etiam
457 1722 665 1787 Philochorus
703 1723 836 1802 septimo
863 1723 990 1785 demum
1010 1722 1168 1787 Atthidos'
1185 1720 1274 1802 libro,

174 1845 236 1908 quo
258 1829 298 1894 de
318 1829 480 1897 Demetrio
502 1831 578 1913 agit,
612 1849 682 1896 eam
715 1834 950 1910 commemorat,
973 1829 1012 1896 cf.
1035 1830 1150 1896 Athen.
1164 1830 1217 1910 Vl,
1236 1835 1272 1897 ll

175 1925 205 2017 P·
222 1941 283 2002 245
299 1937 323 2003 O
339 1937 377 2003 fr.
395 1943 455 2003 143
466 1939 585 2005 Mdller
608 1939 677 2021 (lp.
688 1940 787 2021 408),
810 1939 856 2003 ita
871 1942 908 2002 ut
929 1938 1097 2004 verisimile
1115 1938 1156 2003 sit
1177 1938 1275 2003 verba

176 2061 273 2126 supra
296 2046 397 2111 allata
419 2065 459 2112 ex
482 2048 635 2115 Demetrii
655 2049 736 2114 libro
758 2053 908 2130 excemta
929 2065 1006 2112 esse.
1042 2048 1172 2114 Accedit
1191 2048 1274 2129 quod

173 2152 370 2219 Demetrium
391 2155 584 2222 Plutarchus
603 2157 670 2239 ipsc
689 2157 720 2221 in
743 2156 802 2221 hac
823 2157 908 2221 vitae
931 2160 1024 2237 parte
1047 2155 1086 2240 (c.
1096 2160 1136 2220 23
1147 2154 1186 2220 fr.
1198 2161 1217 2220 8
1229 2154 1271 2220 M.

174 2259 206 2325 11
227 2280 258 2343 p.
272 2261 345 2347 363)
373 2264 450 2329 citat
478 2267 575 2347 atque
602 2265 801 2345 narrationis,
836 2281 917 2346 quae
948 2264 1035 2346 apud
1064 2257 1272 2330 Plutarchum

174 2375 317 2435 nostrum
336 2373 440 2438 locum
461 2373 626 2454 antecedit,
649 2381 811 2441 auctorem
831 2394 904 2440 eum
918 2374 1024 2440 Cicero
1036 2374 1219 2457 deleggfl,
1233 2378 1273 2441 25

174 2475 267 2543 affert
289 2479 387 2561 (quod
409 2480 622 2563 lragmentum
644 2483 675 2546 in
698 2482 825 2549 Mulleri
845 2480 980 2549 editione
1003 2481 1046 2566 (ll
1069 2502 1099 2565 p.
1113 2486 1174 2548 362
1188 2483 1272 2564 sqq.)

173 2585 287 2671 deest).
308 2586 482 2668 Aptissima
505 2588 672 2656 contuleris
702 2591 799 2656 etiam
829 2591 994 2657 Plutarchi
1025 2591 1153 2656 Aristid.
1175 2609 1200 2656 c.
1213 2595 1272 2655 27:

170 2684 270 2772 οὗτος
291 2693 403 2777 μέντοι
426 2696 526 2784 φησιν
542 2693 560 2763 ὁ
578 2692 764 2784 Δημήτριος
785 2702 980 2782 νομοθετῶν
999 2689 1070 2764 ἀντὶ
1087 2693 1272 2785 τριωβόλου

171 2798 315 2888 δραχμὴν
337 2799 473 2893 ἑκατέρᾳ
494 2800 590 2887 τάξαι
605 2810 673 2871 τῶν
684 2811 843 2892 γυναικῶν
857 2810 973 2891 (neque
986 2809 1045 2875 hoc
1056 2809 1270 2891 fragmentum

173 2912 257 2990 apud
272 2912 443 2977 Mullorum
455 2913 637 2999 inuenitur).
661 2915 751 2994 Quae
764 2918 791 2983 si
803 2917 1063 2999 rectedisputata
1077 2922 1160 2997 sunt,
1183 2936 1271 3002 mag-

171 3037 247 3085 num
269 3019 387 3084 crimen
411 3021 569 3088 confertur
589 3026 622 3089 in
644 3025 860 3105 Plutarchum,
884 3028 937 3107 qui
958 3027 1065 3107 inepte
1085 3027 1270 3109 transactio

171 3127 256 3208 serit,
278 3144 381 3208 neque
401 3129 464 3194 tale
483 3132 687 3212 opprobrium
710 3132 788 3198 mihi
810 3133 926 3199 falsum
945 3134 1080 3199 videtur.

254 3236 431 3319 ADidymo
454 3239 589 3306 sortasse
610 3242 819 3308 etiamlster
841 3244 933 3308 testis
953 3244 1098 3323 prolatus
1121 3244 1270 3325 cratoni

167 3342 199 3406 in
214 3342 327 3411 Atticis
349 3347 389 3411 de
410 3344 542 3414 ficorum
564 3356 676 3416 evectu
698 3355 796 3431 atque
816 3350 1016 3433 sycophantia
1041 3350 1268 3433 disputaverat,

167 3452 319 3535 cuiusque
341 3456 440 3522 rerba
461 3458 646 3526 Athenaeus
665 3460 711 3525 ΙΙΙ
734 3480 765 3543 p.
777 3464 817 3526 74
829 3461 867 3525 D.
892 3462 1033 3528 servavit
1059 3462 1092 3545 (a
1103 3462 1270 3528 Mullerol

165 3576 196 3638 p.
210 3562 272 3624 423
293 3562 363 3628 loco
386 3564 489 3630 alieno
509 3567 612 3647 posita
636 3587 672 3633 ac
694 3569 808 3634 mirum
831 3569 862 3633 in
883 3569 1011 3637 modum
1029 3571 1179 3637 cumloco
1192 3571 1269 3636 Plu·

165 3668 285 3735 tarchci
307 3671 346 3737 de
368 3674 492 3739 musica
513 3675 598 3741 libri
618 3678 794 3757 coniuncta,
828 3679 883 3757 qui
912 3678 953 3744 ad
982 3680 1069 3745 alind
1089 3679 1163 3745 Istri
1191 3698 1271 3763 opus

165 3767 377 3857 ’Λπόλλωνος
398 3777 586 3869 ἐπιφάνειαι
606 3785 792 3868 inscriptum
817 3788 1001 3856 referendus
1022 3793 1070 3854 est
1087 3789 1120 3871 ¹).
1148 3788 1266 3855 Istrum

219 4038 246 4106 1)
262 4037 329 4094 Aah.
339 4039 381 4095 111
398 4059 424 4111 p.
435 4045 471 4097 74
483 4045 522 4099 D:
534 4039 639 4115 Ἴστρος
657 4047 684 4102 o’
702 4051 734 4103 lv
751 4057 806 4109 τοῖς
830 4047 956 4109 Ἀττικοῖς
967 4046 1025 4105 οὐδ’
1039 4045 1190 4121 ἐξάγεσθαί
1196 4070 1268 4123 φησι

164 4129 211 4196 τῆς
223 4126 342 4203 Ἀττικῆς,
357 4131 406 4194 τὰς
423 4131 472 4190 ἀπ’
490 4134 580 4194 αὐτῶν
595 4145 750 4213 γινομένας
776 4137 902 4214 ἰσχάδας,
927 4146 971 4198 ἵνα
995 4141 1079 4214 μόναι
1104 4140 1268 4201 ἀπολαύοιεν

481 4284 505 4361 t
