<?xml version="1.0" encoding="UTF-8"?>
<!DOCTYPE html PUBLIC "-//W3C//DTD XHTML 1.0 Transitional//EN"
    "http://www.w3.org/TR/xhtml1/DTD/xhtml1-transitional.dtd">
<html xmlns="http://www.w3.org/1999/xhtml" xml:lang="en" lang="en">
 <head>
  <title>
</title>
<meta http-equiv="Content-Type" content="text/html;charset=utf-8" />
  <meta name='ocr-system' content='tesseract 3.04.00' />
  <meta name='ocr-capabilities' content='ocr_page ocr_carea ocr_par ocr_line ocrx_word'/>
</head>
<body>
  <div class='ocr_page' id='page_1' title='image "./desolonisplutar00pringoog_0023.png"; bbox 0 0 2892 4675; ppageno 0'>
   <div class='ocr_carea' id='block_1_1' title="bbox 694 191 732 256">
    <p class='ocr_par' dir='ltr' id='par_1_1' title="bbox 694 191 732 256">
     <span class='ocr_line' id='line_1_1' title="bbox 694 191 732 256; baseline 0.079 -3"><span class='ocrx_word' id='word_1_1' title='bbox 694 191 732 256; x_wconf 84' lang='lat' dir='ltr'>lo</span> 
     </span>
    </p>
   </div>
   <div class='ocr_carea' id='block_1_2' title="bbox 157 353 1255 576">
    <p class='ocr_par' dir='ltr' id='par_1_2' title="bbox 157 353 1255 576">
     <span class='ocr_line' id='line_1_2' title="bbox 157 353 1255 461; baseline -0.014 -13"><span class='ocrx_word' id='word_1_2' title='bbox 157 375 272 452; x_wconf 77' lang='grc' dir='ltr'><strong><em>Σόλων</em></strong></span> <span class='ocrx_word' id='word_1_3' title='bbox 292 368 366 445; x_wconf 72' lang='lat' dir='ltr'>odd</span> <span class='ocrx_word' id='word_1_4' title='bbox 388 370 684 461; x_wconf 73' lang='grc' dir='ltr'><strong><em>ἔρωτιθαρραλέος</em></strong></span> <span class='ocrx_word' id='word_1_5' title='bbox 700 362 945 456; x_wconf 67' lang='grc' dir='ltr'>ἀπαναστῆναι,</span> <span class='ocrx_word' id='word_1_6' title='bbox 969 360 1095 454; x_wconf 78' lang='grc' dir='ltr'><strong><em>πύκτης</em></strong></span> <span class='ocrx_word' id='word_1_7' title='bbox 1111 362 1206 446; x_wconf 80' lang='grc' dir='ltr'><em>ὅπως</em></span> <span class='ocrx_word' id='word_1_8' title='bbox 1226 353 1255 434; x_wconf 62' lang='grc' dir='ltr'>ἒ’</span> 
     </span>
     <span class='ocr_line' id='line_1_3' title="bbox 158 474 1133 576; baseline -0.011 -19"><span class='ocrx_word' id='word_1_9' title='bbox 158 493 277 576; x_wconf 75' lang='grc' dir='ltr'><strong><em>χεῖρας,</em></strong></span> <span class='ocrx_word' id='word_1_10' title='bbox 300 485 338 554; x_wconf 71' lang='grc' dir='ltr'>ἔκ</span> <span class='ocrx_word' id='word_1_11' title='bbox 358 510 394 553; x_wconf 87' lang='grc' dir='ltr'>τε</span> <span class='ocrx_word' id='word_1_12' title='bbox 413 487 462 551; x_wconf 69' lang='lat' dir='ltr'>cis</span> <span class='ocrx_word' id='word_1_13' title='bbox 463 508 481 552; x_wconf 93' lang='grc' dir='ltr'><strong><em>ν</em></strong></span> <span class='ocrx_word' id='word_1_14' title='bbox 502 477 696 570; x_wconf 73' lang='grc' dir='ltr'><em>ποιημάτων</em></span> <span class='ocrx_word' id='word_1_15' title='bbox 716 474 817 546; x_wconf 70' lang='grc' dir='ltr'><strong><em>αὐτοῦ</em></strong></span> <span class='ocrx_word' id='word_1_16' title='bbox 840 480 953 562; x_wconf 77' lang='grc' dir='ltr'><strong><em>λαβεῖν</em></strong></span> <span class='ocrx_word' id='word_1_17' title='bbox 974 474 1045 545; x_wconf 77' lang='grc' dir='ltr'><strong><em>ἔστι</em></strong></span> <span class='ocrx_word' id='word_1_18' title='bbox 1064 479 1133 546; x_wconf 80' lang='grc' dir='ltr'><strong><em>κτλ.</em></strong></span> 
     </span>
    </p>
   </div>
   <div class='ocr_carea' id='block_1_3' title="bbox 159 603 1263 1891">
    <p class='ocr_par' dir='ltr' id='par_1_3' title="bbox 159 603 1263 1891">
     <span class='ocr_line' id='line_1_4' title="bbox 244 603 1261 692; baseline -0.012 -12"><span class='ocrx_word' id='word_1_19' title='bbox 244 613 334 692; x_wconf 78' lang='lat' dir='ltr'>Quod</span> <span class='ocrx_word' id='word_1_20' title='bbox 357 613 399 679; x_wconf 90' lang='lat' dir='ltr'>ad</span> <span class='ocrx_word' id='word_1_21' title='bbox 420 613 504 678; x_wconf 88' lang='lat' dir='ltr'>huno</span> <span class='ocrx_word' id='word_1_22' title='bbox 525 610 646 676; x_wconf 82' lang='lat' dir='ltr'>Solonis</span> <span class='ocrx_word' id='word_1_23' title='bbox 667 623 808 674; x_wconf 90' lang='lat' dir='ltr'>amorem</span> <span class='ocrx_word' id='word_1_24' title='bbox 830 605 962 686; x_wconf 75' lang='lat' dir='ltr'>attinet,</span> <span class='ocrx_word' id='word_1_25' title='bbox 997 606 1052 672; x_wconf 86' lang='lat' dir='ltr'>vix</span> <span class='ocrx_word' id='word_1_26' title='bbox 1082 603 1189 670; x_wconf 80' lang='lat' dir='ltr'>licebit</span> <span class='ocrx_word' id='word_1_27' title='bbox 1209 621 1261 669; x_wconf 90' lang='lat' dir='ltr'>su·</span> 
     </span>
     <span class='ocr_line' id='line_1_5' title="bbox 159 713 1259 802; baseline -0.009 -13"><span class='ocrx_word' id='word_1_28' title='bbox 159 739 247 789; x_wconf 87' lang='lat' dir='ltr'>mere</span> <span class='ocrx_word' id='word_1_29' title='bbox 266 740 339 802; x_wconf 85' lang='lat' dir='ltr'>eum</span> <span class='ocrx_word' id='word_1_30' title='bbox 360 721 464 786; x_wconf 90' lang='lat' dir='ltr'>scelus</span> <span class='ocrx_word' id='word_1_31' title='bbox 485 718 660 801; x_wconf 88' lang='lat' dir='ltr'>posteriore</span> <span class='ocrx_word' id='word_1_32' title='bbox 682 721 826 797; x_wconf 90' lang='lat' dir='ltr'>tempore</span> <span class='ocrx_word' id='word_1_33' title='bbox 847 714 985 779; x_wconf 89' lang='lat' dir='ltr'>eminens</span> <span class='ocrx_word' id='word_1_34' title='bbox 995 713 1027 778; x_wconf 91' lang='lat' dir='ltr'>in</span> <span class='ocrx_word' id='word_1_35' title='bbox 1042 732 1077 780; x_wconf 91' lang='lat' dir='ltr'>se</span> <span class='ocrx_word' id='word_1_36' title='bbox 1088 713 1259 793; x_wconf 69' lang='lat' dir='ltr'>admisisse</span> 
     </span>
     <span class='ocr_line' id='line_1_6' title="bbox 161 820 1261 910; baseline -0.013 -12"><span class='ocrx_word' id='word_1_37' title='bbox 161 832 217 899; x_wconf 90' lang='lat' dir='ltr'>sed</span> <span class='ocrx_word' id='word_1_38' title='bbox 238 831 372 896; x_wconf 84' lang='lat' dir='ltr'>honesta</span> <span class='ocrx_word' id='word_1_39' title='bbox 393 833 489 910; x_wconf 87' lang='lat' dir='ltr'>atque</span> <span class='ocrx_word' id='word_1_40' title='bbox 521 846 603 910; x_wconf 90' lang='lat' dir='ltr'>pura</span> <span class='ocrx_word' id='word_1_41' title='bbox 637 829 825 909; x_wconf 81' lang='lat' dir='ltr'>integraque</span> <span class='ocrx_word' id='word_1_42' title='bbox 860 823 1058 890; x_wconf 81' lang='lat' dir='ltr'>necessitudo</span> <span class='ocrx_word' id='word_1_43' title='bbox 1092 820 1261 889; x_wconf 90' lang='lat' dir='ltr'>statuenda</span> 
     </span>
     <span class='ocr_line' id='line_1_7' title="bbox 161 932 1261 1020; baseline -0.009 -13"><span class='ocrx_word' id='word_1_44' title='bbox 161 946 218 1020; x_wconf 89' lang='lat' dir='ltr'>est,</span> <span class='ocrx_word' id='word_1_45' title='bbox 241 939 345 1020; x_wconf 88' lang='lat' dir='ltr'>qualis</span> <span class='ocrx_word' id='word_1_46' title='bbox 367 937 554 1020; x_wconf 85' lang='lat' dir='ltr'>praesertim</span> <span class='ocrx_word' id='word_1_47' title='bbox 578 956 597 1000; x_wconf 91' lang='lat' dir='ltr'>a</span> <span class='ocrx_word' id='word_1_48' title='bbox 622 935 787 1017; x_wconf 81' lang='lat' dir='ltr'>Spartanis</span> <span class='ocrx_word' id='word_1_49' title='bbox 818 933 1025 1015; x_wconf 90' lang='lat' dir='ltr'>praecipuum</span> <span class='ocrx_word' id='word_1_50' title='bbox 1061 933 1103 999; x_wconf 87' lang='lat' dir='ltr'>ad</span> <span class='ocrx_word' id='word_1_51' title='bbox 1131 932 1261 997; x_wconf 85' lang='lat' dir='ltr'>iuvenes</span> 
     </span>
     <span class='ocr_line' id='line_1_8' title="bbox 162 1040 1261 1126; baseline -0.008 -12"><span class='ocrx_word' id='word_1_52' title='bbox 162 1048 342 1114; x_wconf 89' lang='lat' dir='ltr'>educandos</span> <span class='ocrx_word' id='word_1_53' title='bbox 361 1047 535 1114; x_wconf 84' lang='lat' dir='ltr'>subsidium</span> <span class='ocrx_word' id='word_1_54' title='bbox 558 1045 738 1112; x_wconf 85' lang='lat' dir='ltr'>habebatur</span> <span class='ocrx_word' id='word_1_55' title='bbox 775 1044 826 1126; x_wconf 87' lang='lat' dir='ltr'>(ef.</span> <span class='ocrx_word' id='word_1_56' title='bbox 861 1043 1004 1124; x_wconf 89' lang='lat' dir='ltr'>Xenoph.</span> <span class='ocrx_word' id='word_1_57' title='bbox 1036 1042 1076 1107; x_wconf 91' lang='lat' dir='ltr'>de</span> <span class='ocrx_word' id='word_1_58' title='bbox 1108 1059 1144 1106; x_wconf 90' lang='lat' dir='ltr'>re</span> <span class='ocrx_word' id='word_1_59' title='bbox 1174 1040 1261 1122; x_wconf 88' lang='lat' dir='ltr'>publ.</span> 
     </span>
     <span class='ocr_line' id='line_1_9' title="bbox 162 1150 1260 1240; baseline -0.007 -18"><span class='ocrx_word' id='word_1_60' title='bbox 162 1156 274 1222; x_wconf 83' lang='lat' dir='ltr'>Laced.</span> <span class='ocrx_word' id='word_1_61' title='bbox 296 1157 335 1238; x_wconf 90' lang='grc' dir='ltr'>Π,</span> <span class='ocrx_word' id='word_1_62' title='bbox 359 1157 421 1240; x_wconf 83' lang='grc'>13).</span> <span class='ocrx_word' id='word_1_63' title='bbox 464 1155 532 1234; x_wconf 81' lang='lat' dir='ltr'>Quo</span> <span class='ocrx_word' id='word_1_64' title='bbox 548 1174 642 1239; x_wconf 79' lang='lat' dir='ltr'>sensu</span> <span class='ocrx_word' id='word_1_65' title='bbox 663 1156 760 1221; x_wconf 89' lang='lat' dir='ltr'>etiam</span> <span class='ocrx_word' id='word_1_66' title='bbox 782 1153 905 1218; x_wconf 86' lang='lat' dir='ltr'>Solonis</span> <span class='ocrx_word' id='word_1_67' title='bbox 927 1154 982 1216; x_wconf 85' lang='lat' dir='ltr'>lex</span> <span class='ocrx_word' id='word_1_68' title='bbox 1003 1171 1022 1217; x_wconf 91' lang='lat' dir='ltr'>a</span> <span class='ocrx_word' id='word_1_69' title='bbox 1041 1150 1213 1216; x_wconf 80' lang='lat' dir='ltr'>Plutarcho</span> <span class='ocrx_word' id='word_1_70' title='bbox 1235 1167 1260 1215; x_wconf 89' lang='lat' dir='ltr'>c.</span> 
     </span>
     <span class='ocr_line' id='line_1_10' title="bbox 165 1260 1262 1347; baseline -0.003 -19"><span class='ocrx_word' id='word_1_71' title='bbox 165 1269 180 1328; x_wconf 90' lang='grc'>1</span> <span class='ocrx_word' id='word_1_72' title='bbox 202 1270 299 1347; x_wconf 87' lang='lat' dir='ltr'>atque</span> <span class='ocrx_word' id='word_1_73' title='bbox 322 1266 473 1332; x_wconf 81' lang='lat' dir='ltr'>Aeschine</span> <span class='ocrx_word' id='word_1_74' title='bbox 486 1283 512 1332; x_wconf 86' lang='lat' dir='ltr'>c.</span> <span class='ocrx_word' id='word_1_75' title='bbox 532 1264 691 1330; x_wconf 87' lang='lat' dir='ltr'>Timarch.</span> <span class='ocrx_word' id='word_1_76' title='bbox 707 1264 726 1342; x_wconf 69' lang='grc' dir='ltr'>ξ</span> <span class='ocrx_word' id='word_1_77' title='bbox 744 1267 803 1327; x_wconf 84' lang='grc'>138</span> <span class='ocrx_word' id='word_1_78' title='bbox 820 1267 1064 1327; x_wconf 88' lang='lat' dir='ltr'>commemorata</span> <span class='ocrx_word' id='word_1_79' title='bbox 1082 1260 1262 1342; x_wconf 83' lang='lat' dir='ltr'>accipienda</span> 
     </span>
     <span class='ocr_line' id='line_1_11' title="bbox 160 1370 1261 1458; baseline -0.006 -16"><span class='ocrx_word' id='word_1_80' title='bbox 160 1380 218 1457; x_wconf 89' lang='lat' dir='ltr'>est,</span> <span class='ocrx_word' id='word_1_81' title='bbox 241 1394 306 1458; x_wconf 88' lang='lat' dir='ltr'>qua</span> <span class='ocrx_word' id='word_1_82' title='bbox 326 1377 383 1440; x_wconf 92' lang='lat' dir='ltr'>ille</span> <span class='ocrx_word' id='word_1_83' title='bbox 403 1379 493 1439; x_wconf 85' lang='lat' dir='ltr'>vetat</span> <span class='ocrx_word' id='word_1_84' title='bbox 514 1392 644 1441; x_wconf 83' lang='lat' dir='ltr'>servum</span> <span class='ocrx_word' id='word_1_85' title='bbox 668 1390 777 1437; x_wconf 88' lang='lat' dir='ltr'>amare</span> <span class='ocrx_word' id='word_1_86' title='bbox 795 1389 931 1453; x_wconf 89' lang='lat' dir='ltr'>puerum</span> <span class='ocrx_word' id='word_1_87' title='bbox 952 1372 1135 1453; x_wconf 84' lang='lat' dir='ltr'>ingenuum.</span> <span class='ocrx_word' id='word_1_88' title='bbox 1177 1370 1261 1435; x_wconf 89' lang='lat' dir='ltr'>Nam</span> 
     </span>
     <span class='ocr_line' id='line_1_12' title="bbox 162 1480 1262 1564; baseline -0.003 -17"><span class='ocrx_word' id='word_1_89' title='bbox 162 1485 217 1564; x_wconf 88' lang='lat' dir='ltr'>qui</span> <span class='ocrx_word' id='word_1_90' title='bbox 238 1484 421 1549; x_wconf 81' lang='lat' dir='ltr'>existimare</span> <span class='ocrx_word' id='word_1_91' title='bbox 441 1500 609 1563; x_wconf 89' lang='lat' dir='ltr'>possumus</span> <span class='ocrx_word' id='word_1_92' title='bbox 638 1480 784 1545; x_wconf 87' lang='lat' dir='ltr'>Solonem</span> <span class='ocrx_word' id='word_1_93' title='bbox 818 1485 850 1544; x_wconf 89' lang='lat' dir='ltr'>et</span> <span class='ocrx_word' id='word_1_94' title='bbox 883 1497 1057 1562; x_wconf 89' lang='lat' dir='ltr'>puerorum</span> <span class='ocrx_word' id='word_1_95' title='bbox 1089 1480 1262 1560; x_wconf 88' lang='lat' dir='ltr'>corruptio·</span> 
     </span>
     <span class='ocr_line' id='line_1_13' title="bbox 164 1589 1263 1672; baseline -0.003 -16"><span class='ocrx_word' id='word_1_96' title='bbox 164 1610 237 1658; x_wconf 89' lang='lat' dir='ltr'>nem</span> <span class='ocrx_word' id='word_1_97' title='bbox 247 1595 345 1672; x_wconf 90' lang='lat' dir='ltr'>atque</span> <span class='ocrx_word' id='word_1_98' title='bbox 366 1591 430 1656; x_wconf 87' lang='lat' dir='ltr'>vim</span> <span class='ocrx_word' id='word_1_99' title='bbox 442 1592 479 1657; x_wconf 90' lang='lat' dir='ltr'>iis</span> <span class='ocrx_word' id='word_1_100' title='bbox 491 1591 622 1656; x_wconf 88' lang='lat' dir='ltr'>allatam</span> <span class='ocrx_word' id='word_1_101' title='bbox 645 1590 792 1671; x_wconf 89' lang='lat' dir='ltr'>punitam</span> <span class='ocrx_word' id='word_1_102' title='bbox 813 1591 897 1654; x_wconf 87' lang='lat' dir='ltr'>velle</span> <span class='ocrx_word' id='word_1_103' title='bbox 919 1590 970 1672; x_wconf 83' lang='lat' dir='ltr'>(of.</span> <span class='ocrx_word' id='word_1_104' title='bbox 983 1590 1096 1672; x_wconf 86' lang='lat' dir='ltr'>Lysiae</span> <span class='ocrx_word' id='word_1_105' title='bbox 1118 1594 1199 1655; x_wconf 88' lang='lat' dir='ltr'>orat.</span> <span class='ocrx_word' id='word_1_106' title='bbox 1223 1589 1263 1653; x_wconf 93' lang='lat' dir='ltr'>de</span> 
     </span>
     <span class='ocr_line' id='line_1_14' title="bbox 163 1698 1262 1782; baseline -0.004 -16"><span class='ocrx_word' id='word_1_107' title='bbox 163 1701 249 1766; x_wconf 89' lang='lat' dir='ltr'>caed.</span> <span class='ocrx_word' id='word_1_108' title='bbox 270 1699 432 1781; x_wconf 79' lang='lat' dir='ltr'>Eratosth</span> <span class='ocrx_word' id='word_1_109' title='bbox 454 1699 473 1782; x_wconf 62' lang='grc' dir='ltr'><strong>ς</strong></span> <span class='ocrx_word' id='word_1_110' title='bbox 499 1699 552 1782; x_wconf 85' lang='grc'>32)</span> <span class='ocrx_word' id='word_1_111' title='bbox 574 1704 607 1766; x_wconf 89' lang='lat' dir='ltr'>et</span> <span class='ocrx_word' id='word_1_112' title='bbox 627 1700 717 1781; x_wconf 87' lang='lat' dir='ltr'>quasi</span> <span class='ocrx_word' id='word_1_113' title='bbox 739 1699 901 1765; x_wconf 88' lang='lat' dir='ltr'>adhortari</span> <span class='ocrx_word' id='word_1_114' title='bbox 934 1701 975 1765; x_wconf 89' lang='lat' dir='ltr'>ad</span> <span class='ocrx_word' id='word_1_115' title='bbox 1005 1698 1063 1765; x_wconf 86' lang='lat' dir='ltr'>has</span> <span class='ocrx_word' id='word_1_116' title='bbox 1089 1716 1141 1765; x_wconf 89' lang='lat' dir='ltr'>res</span> <span class='ocrx_word' id='word_1_117' title='bbox 1168 1715 1262 1763; x_wconf 82' lang='lat' dir='ltr'>exer-</span> 
     </span>
     <span class='ocr_line' id='line_1_15' title="bbox 162 1809 341 1891; baseline -0.006 -17"><span class='ocrx_word' id='word_1_118' title='bbox 162 1809 300 1874; x_wconf 75' lang='lat' dir='ltr'>cendas?</span> <span class='ocrx_word' id='word_1_119' title='bbox 316 1809 341 1891; x_wconf 84' lang='lat'>¹)</span> 
     </span>
    </p>
   </div>
   <div class='ocr_carea' id='block_1_4' title="bbox 159 1929 1265 3123">
    <p class='ocr_par' dir='ltr' id='par_1_4' title="bbox 159 1929 1263 2783">
     <span class='ocr_line' id='line_1_16' title="bbox 248 1929 1262 2014; baseline 0 -17"><span class='ocrx_word' id='word_1_120' title='bbox 248 1934 298 1997; x_wconf 93' lang='lat' dir='ltr'>Ad</span> <span class='ocrx_word' id='word_1_121' title='bbox 319 1933 441 1999; x_wconf 82' lang='lat' dir='ltr'>Solonis</span> <span class='ocrx_word' id='word_1_122' title='bbox 462 1951 513 1999; x_wconf 87' lang='lat' dir='ltr'>res</span> <span class='ocrx_word' id='word_1_123' title='bbox 535 1934 677 2014; x_wconf 85' lang='lat' dir='ltr'>privatas</span> <span class='ocrx_word' id='word_1_124' title='bbox 698 1938 866 2013; x_wconf 88' lang='lat' dir='ltr'>praeterea</span> <span class='ocrx_word' id='word_1_125' title='bbox 886 1933 1039 1997; x_wconf 91' lang='lat' dir='ltr'>nonnulla</span> <span class='ocrx_word' id='word_1_126' title='bbox 1060 1932 1124 1997; x_wconf 85' lang='lat' dir='ltr'>aha</span> <span class='ocrx_word' id='word_1_127' title='bbox 1138 1929 1262 2000; x_wconf 86' lang='lat' dir='ltr'>Solonis</span> 
     </span>
     <span class='ocr_line' id='line_1_17' title="bbox 164 2039 1262 2124; baseline -0.003 -16"><span class='ocrx_word' id='word_1_128' title='bbox 164 2043 304 2109; x_wconf 87' lang='lat' dir='ltr'>earmina</span> <span class='ocrx_word' id='word_1_129' title='bbox 327 2047 482 2124; x_wconf 88' lang='lat' dir='ltr'>spectant,</span> <span class='ocrx_word' id='word_1_130' title='bbox 516 2042 630 2123; x_wconf 89' lang='lat' dir='ltr'>quibus</span> <span class='ocrx_word' id='word_1_131' title='bbox 653 2041 847 2107; x_wconf 86' lang='lat' dir='ltr'>Plutarchus</span> <span class='ocrx_word' id='word_1_132' title='bbox 877 2059 954 2106; x_wconf 88' lang='lat' dir='ltr'>usus</span> <span class='ocrx_word' id='word_1_133' title='bbox 986 2045 1045 2106; x_wconf 87' lang='lat' dir='ltr'>est.</span> <span class='ocrx_word' id='word_1_134' title='bbox 1088 2039 1262 2121; x_wconf 89' lang='lat' dir='ltr'>Postquam</span> 
     </span>
     <span class='ocr_line' id='line_1_18' title="bbox 162 2148 1261 2233; baseline -0.004 -17"><span class='ocrx_word' id='word_1_135' title='bbox 162 2151 256 2217; x_wconf 83' lang='lat' dir='ltr'>Solon</span> <span class='ocrx_word' id='word_1_136' title='bbox 277 2151 364 2233; x_wconf 83' lang='lat' dir='ltr'>leges</span> <span class='ocrx_word' id='word_1_137' title='bbox 395 2150 468 2216; x_wconf 86' lang='lat' dir='ltr'>tulit</span> <span class='ocrx_word' id='word_1_138' title='bbox 504 2154 601 2230; x_wconf 88' lang='lat' dir='ltr'>atque</span> <span class='ocrx_word' id='word_1_139' title='bbox 632 2149 841 2217; x_wconf 86' lang='lat' dir='ltr'>Athenienses</span> <span class='ocrx_word' id='word_1_140' title='bbox 873 2153 1070 2216; x_wconf 86' lang='lat' dir='ltr'>sacramento</span> <span class='ocrx_word' id='word_1_141' title='bbox 1101 2148 1261 2230; x_wconf 80' lang='lat' dir='ltr'>obligavit,</span> 
     </span>
     <span class='ocr_line' id='line_1_19' title="bbox 160 2259 1263 2345; baseline -0.001 -21"><span class='ocrx_word' id='word_1_142' title='bbox 160 2261 254 2326; x_wconf 89' lang='lat' dir='ltr'>utils</span> <span class='ocrx_word' id='word_1_143' title='bbox 276 2259 333 2342; x_wconf 88' lang='lat' dir='ltr'>per</span> <span class='ocrx_word' id='word_1_144' title='bbox 349 2261 457 2327; x_wconf 89' lang='lat' dir='ltr'>decem</span> <span class='ocrx_word' id='word_1_145' title='bbox 472 2278 571 2325; x_wconf 89' lang='lat' dir='ltr'>annos</span> <span class='ocrx_word' id='word_1_146' title='bbox 584 2260 761 2343; x_wconf 83' lang='lat' dir='ltr'>(Herodoto</span> <span class='ocrx_word' id='word_1_147' title='bbox 784 2260 822 2343; x_wconf 81' lang='grc' dir='ltr'>(Ι,</span> <span class='ocrx_word' id='word_1_148' title='bbox 846 2261 910 2345; x_wconf 82' lang='grc'>29),</span> <span class='ocrx_word' id='word_1_149' title='bbox 932 2279 990 2342; x_wconf 89' lang='lat' dir='ltr'>per</span> <span class='ocrx_word' id='word_1_150' title='bbox 1017 2263 1145 2325; x_wconf 85' lang='lat' dir='ltr'>eentum</span> <span class='ocrx_word' id='word_1_151' title='bbox 1163 2276 1263 2324; x_wconf 89' lang='lat' dir='ltr'>annos</span> 
     </span>
     <span class='ocr_line' id='line_1_20' title="bbox 162 2368 1260 2453; baseline -0.001 -18"><span class='ocrx_word' id='word_1_152' title='bbox 162 2371 333 2437; x_wconf 88' lang='lat' dir='ltr'>Plutarcho</span> <span class='ocrx_word' id='word_1_153' title='bbox 364 2368 403 2453; x_wconf 82' lang='lat' dir='ltr'>(o.</span> <span class='ocrx_word' id='word_1_154' title='bbox 437 2369 491 2449; x_wconf 82' lang='lat'>25)</span> <span class='ocrx_word' id='word_1_155' title='bbox 525 2373 616 2450; x_wconf 89' lang='lat' dir='ltr'>teste,</span> <span class='ocrx_word' id='word_1_156' title='bbox 650 2370 858 2449; x_wconf 91' lang='lat' dir='ltr'>quodminus</span> <span class='ocrx_word' id='word_1_157' title='bbox 880 2370 1063 2452; x_wconf 84' lang='lat' dir='ltr'>verisimile)</span> <span class='ocrx_word' id='word_1_158' title='bbox 1085 2373 1260 2450; x_wconf 85' lang='lat' dir='ltr'>uterentur,</span> 
     </span>
     <span class='ocr_line' id='line_1_21' title="bbox 159 2478 1263 2562; baseline -0.001 -18"><span class='ocrx_word' id='word_1_159' title='bbox 159 2496 292 2562; x_wconf 86' lang='lat' dir='ltr'>peregre</span> <span class='ocrx_word' id='word_1_160' title='bbox 313 2479 473 2561; x_wconf 86' lang='lat' dir='ltr'>profectus</span> <span class='ocrx_word' id='word_1_161' title='bbox 494 2483 597 2543; x_wconf 82' lang='lat' dir='ltr'>estat</span> <span class='ocrx_word' id='word_1_162' title='bbox 618 2479 758 2559; x_wconf 88' lang='lat' dir='ltr'>primum</span> <span class='ocrx_word' id='word_1_163' title='bbox 781 2480 909 2559; x_wconf 89' lang='lat' dir='ltr'>quidem</span> <span class='ocrx_word' id='word_1_164' title='bbox 926 2479 958 2543; x_wconf 91' lang='lat' dir='ltr'>in</span> <span class='ocrx_word' id='word_1_165' title='bbox 976 2479 1153 2560; x_wconf 83' lang='lat' dir='ltr'>Aegyptum</span> <span class='ocrx_word' id='word_1_166' title='bbox 1175 2478 1263 2543; x_wconf 83' lang='lat' dir='ltr'>venit</span> 
     </span>
     <span class='ocr_line' id='line_1_22' title="bbox 162 2585 1263 2671; baseline -0.001 -16"><span class='ocrx_word' id='word_1_167' title='bbox 162 2592 195 2655; x_wconf 91' lang='lat' dir='ltr'>et</span> <span class='ocrx_word' id='word_1_168' title='bbox 215 2607 314 2670; x_wconf 92' lang='lat' dir='ltr'>prope</span> <span class='ocrx_word' id='word_1_169' title='bbox 336 2588 399 2654; x_wconf 89' lang='lat' dir='ltr'>Nili</span> <span class='ocrx_word' id='word_1_170' title='bbox 421 2605 478 2653; x_wconf 87' lang='lat' dir='ltr'>ora</span> <span class='ocrx_word' id='word_1_171' title='bbox 497 2592 643 2653; x_wconf 86' lang='lat' dir='ltr'>versatus</span> <span class='ocrx_word' id='word_1_172' title='bbox 675 2592 736 2653; x_wconf 90' lang='lat' dir='ltr'>est.</span> <span class='ocrx_word' id='word_1_173' title='bbox 780 2585 871 2665; x_wconf 83' lang='lat' dir='ltr'>Quod</span> <span class='ocrx_word' id='word_1_174' title='bbox 897 2593 934 2653; x_wconf 92' lang='lat' dir='ltr'>ut</span> <span class='ocrx_word' id='word_1_175' title='bbox 966 2587 1163 2671; x_wconf 82' lang='lat' dir='ltr'>comprobet,</span> <span class='ocrx_word' id='word_1_176' title='bbox 1186 2588 1263 2654; x_wconf 92' lang='lat' dir='ltr'>Plu·</span> 
     </span>
     <span class='ocr_line' id='line_1_23' title="bbox 160 2696 1071 2783; baseline -0.002 -18"><span class='ocrx_word' id='word_1_177' title='bbox 160 2699 291 2766; x_wconf 88' lang='lat' dir='ltr'>tarchus</span> <span class='ocrx_word' id='word_1_178' title='bbox 313 2719 338 2765; x_wconf 92' lang='lat' dir='ltr'>c.</span> <span class='ocrx_word' id='word_1_179' title='bbox 362 2705 401 2765; x_wconf 88' lang='grc'>26</span> <span class='ocrx_word' id='word_1_180' title='bbox 425 2700 547 2767; x_wconf 84' lang='lat' dir='ltr'>Solonis</span> <span class='ocrx_word' id='word_1_181' title='bbox 567 2699 665 2783; x_wconf 88' lang='lat' dir='ltr'>ipsius</span> <span class='ocrx_word' id='word_1_182' title='bbox 697 2717 827 2764; x_wconf 81' lang='lat' dir='ltr'>versum</span> <span class='ocrx_word' id='word_1_183' title='bbox 871 2697 925 2782; x_wconf 79' lang='lat' dir='ltr'>(fr.</span> <span class='ocrx_word' id='word_1_184' title='bbox 951 2702 990 2762; x_wconf 85' lang='lat'>28</span> <span class='ocrx_word' id='word_1_185' title='bbox 1014 2696 1071 2782; x_wconf 83' lang='grc' dir='ltr'>Β);</span> 
     </span>
    </p>

    <p class='ocr_par' dir='ltr' id='par_1_5' title="bbox 163 2812 1265 3123">
     <span class='ocr_line' id='line_1_24' title="bbox 246 2812 1265 2912; baseline 0.001 -25"><span class='ocrx_word' id='word_1_186' title='bbox 246 2821 365 2888; x_wconf 78' lang='grc' dir='ltr'><strong><em>Νείλου</em></strong></span> <span class='ocrx_word' id='word_1_187' title='bbox 388 2821 445 2889; x_wconf 78' lang='grc' dir='ltr'>ἐπὶ</span> <span class='ocrx_word' id='word_1_188' title='bbox 465 2826 628 2912; x_wconf 72' lang='grc' dir='ltr'><strong><em>προχοῗσι</em></strong></span> <span class='ocrx_word' id='word_1_189' title='bbox 650 2819 846 2905; x_wconf 77' lang='grc' dir='ltr'><strong><em>Κανωβίδος</em></strong></span> <span class='ocrx_word' id='word_1_190' title='bbox 867 2814 1008 2907; x_wconf 77' lang='grc' dir='ltr'><strong><em>ἐγγύθεν</em></strong></span> <span class='ocrx_word' id='word_1_191' title='bbox 1045 2812 1144 2900; x_wconf 58' lang='lat' dir='ltr'>ducta</span> <span class='ocrx_word' id='word_1_192' title='bbox 1170 2821 1265 2889; x_wconf 84' lang='lat' dir='ltr'>affert</span> 
     </span>
     <span class='ocr_line' id='line_1_25' title="bbox 163 2921 1263 3017; baseline 0.003 -26"><span class='ocrx_word' id='word_1_193' title='bbox 163 2928 213 2995; x_wconf 86' lang='lat' dir='ltr'>his</span> <span class='ocrx_word' id='word_1_194' title='bbox 249 2930 367 2994; x_wconf 82' lang='lat' dir='ltr'>verbis:</span> <span class='ocrx_word' id='word_1_195' title='bbox 404 2928 449 3008; x_wconf 76' lang='grc' dir='ltr'>ὡς</span> <span class='ocrx_word' id='word_1_196' title='bbox 485 2933 539 2997; x_wconf 80' lang='grc' dir='ltr'>καὶ</span> <span class='ocrx_word' id='word_1_197' title='bbox 573 2926 738 3017; x_wconf 82' lang='grc' dir='ltr'><strong><em>πρότερον</em></strong></span> <span class='ocrx_word' id='word_1_198' title='bbox 759 2921 858 3008; x_wconf 75' lang='grc' dir='ltr'><strong><em>αὐτός</em></strong></span> <span class='ocrx_word' id='word_1_199' title='bbox 891 2951 983 3017; x_wconf 82' lang='grc' dir='ltr'><strong><em>φησι.</em></strong></span> <span class='ocrx_word' id='word_1_200' title='bbox 1027 2928 1061 2997; x_wconf 84' lang='lat' dir='ltr'>si</span> <span class='ocrx_word' id='word_1_201' title='bbox 1099 2930 1178 2996; x_wconf 89' lang='lat' dir='ltr'>illud</span> <span class='ocrx_word' id='word_1_202' title='bbox 1210 2929 1263 2994; x_wconf 87' lang='grc' dir='ltr'>καὶ</span> 
     </span>
     <span class='ocr_line' id='line_1_26' title="bbox 163 3027 1262 3123; baseline 0.006 -25"><span class='ocrx_word' id='word_1_203' title='bbox 163 3027 331 3120; x_wconf 75' lang='grc' dir='ltr'><strong><em>πρότερον</em></strong></span> <span class='ocrx_word' id='word_1_204' title='bbox 351 3042 436 3102; x_wconf 88' lang='lat' dir='ltr'>recte</span> <span class='ocrx_word' id='word_1_205' title='bbox 457 3056 490 3104; x_wconf 91' lang='lat' dir='ltr'>se</span> <span class='ocrx_word' id='word_1_206' title='bbox 524 3040 642 3106; x_wconf 89' lang='lat' dir='ltr'>habere</span> <span class='ocrx_word' id='word_1_207' title='bbox 670 3045 831 3122; x_wconf 88' lang='lat' dir='ltr'>putamus,</span> <span class='ocrx_word' id='word_1_208' title='bbox 863 3058 1022 3106; x_wconf 88' lang='lat' dir='ltr'>unacum</span> <span class='ocrx_word' id='word_1_209' title='bbox 1055 3037 1192 3123; x_wconf 85' lang='lat' dir='ltr'>Berghio</span> <span class='ocrx_word' id='word_1_210' title='bbox 1217 3040 1230 3123; x_wconf 91' lang='lat'>(</span> <span class='ocrx_word' id='word_1_211' title='bbox 1255 3089 1262 3105; x_wconf 89' lang='lat'><strong>.</strong></span> 
     </span>
    </p>
   </div>
   <div class='ocr_carea' id='block_1_5' title="bbox 165 3148 1318 3236">
    <p class='ocr_par' dir='ltr' id='par_1_6' title="bbox 165 3148 1318 3236">
     <span class='ocr_line' id='line_1_27' title="bbox 165 3148 1318 3236; baseline 0.005 -22"><span class='ocrx_word' id='word_1_212' title='bbox 165 3148 241 3233; x_wconf 86' lang='grc'>432)</span> <span class='ocrx_word' id='word_1_213' title='bbox 263 3150 351 3216; x_wconf 88' lang='lat' dir='ltr'>nobis</span> <span class='ocrx_word' id='word_1_214' title='bbox 373 3152 576 3217; x_wconf 87' lang='lat' dir='ltr'>statuendum</span> <span class='ocrx_word' id='word_1_215' title='bbox 598 3159 647 3219; x_wconf 87' lang='lat' dir='ltr'>est</span> <span class='ocrx_word' id='word_1_216' title='bbox 666 3154 754 3219; x_wconf 90' lang='lat' dir='ltr'>illam</span> <span class='ocrx_word' id='word_1_217' title='bbox 775 3155 909 3236; x_wconf 80' lang='lat' dir='ltr'>elegiam</span> <span class='ocrx_word' id='word_1_218' title='bbox 930 3155 994 3219; x_wconf 90' lang='lat' dir='ltr'>iam</span> <span class='ocrx_word' id='word_1_219' title='bbox 1026 3158 1101 3218; x_wconf 89' lang='lat' dir='ltr'>ante</span> <span class='ocrx_word' id='word_1_220' title='bbox 1134 3153 1166 3219; x_wconf 93' lang='lat' dir='ltr'>id</span> <span class='ocrx_word' id='word_1_221' title='bbox 1198 3154 1262 3220; x_wconf 90' lang='lat' dir='ltr'>iter</span> <span class='ocrx_word' id='word_1_222' title='bbox 1311 3220 1318 3231; x_wconf 73' lang='grc'><strong><em>,</em></strong></span> 
     </span>
    </p>
   </div>
   <div class='ocr_carea' id='block_1_6' title="bbox 161 3260 1263 3780">
    <p class='ocr_par' dir='ltr' id='par_1_7' title="bbox 161 3260 1263 3780">
     <span class='ocr_line' id='line_1_28' title="bbox 165 3260 1262 3345; baseline 0.005 -22"><span class='ocrx_word' id='word_1_223' title='bbox 165 3260 372 3340; x_wconf 87' lang='lat' dir='ltr'>compositam</span> <span class='ocrx_word' id='word_1_224' title='bbox 394 3278 471 3342; x_wconf 86' lang='lat' dir='ltr'>esse,</span> <span class='ocrx_word' id='word_1_225' title='bbox 495 3263 580 3342; x_wconf 89' lang='lat' dir='ltr'>quod</span> <span class='ocrx_word' id='word_1_226' title='bbox 601 3263 783 3345; x_wconf 88' lang='lat' dir='ltr'>republica</span> <span class='ocrx_word' id='word_1_227' title='bbox 803 3263 1046 3330; x_wconf 87' lang='lat' dir='ltr'>Atheniensium</span> <span class='ocrx_word' id='word_1_228' title='bbox 1068 3262 1190 3344; x_wconf 86' lang='lat' dir='ltr'>legibus</span> <span class='ocrx_word' id='word_1_229' title='bbox 1210 3263 1262 3329; x_wconf 92' lang='lat' dir='ltr'>fir·</span> 
     </span>
     <span class='ocr_line' id='line_1_29' title="bbox 164 3370 1262 3454; baseline 0.006 -22"><span class='ocrx_word' id='word_1_230' title='bbox 164 3373 251 3433; x_wconf 89' lang='lat' dir='ltr'>mata</span> <span class='ocrx_word' id='word_1_231' title='bbox 274 3371 421 3451; x_wconf 89' lang='lat' dir='ltr'>suscepit.</span> <span class='ocrx_word' id='word_1_232' title='bbox 467 3370 557 3449; x_wconf 85' lang='lat' dir='ltr'>Quod</span> <span class='ocrx_word' id='word_1_233' title='bbox 580 3374 724 3454; x_wconf 84' lang='lat' dir='ltr'>quamvis</span> <span class='ocrx_word' id='word_1_234' title='bbox 753 3378 895 3440; x_wconf 88' lang='lat' dir='ltr'>statuere</span> <span class='ocrx_word' id='word_1_235' title='bbox 926 3373 1029 3454; x_wconf 89' lang='lat' dir='ltr'>liceat,</span> <span class='ocrx_word' id='word_1_236' title='bbox 1068 3390 1166 3454; x_wconf 90' lang='lat' dir='ltr'>quum</span> <span class='ocrx_word' id='word_1_237' title='bbox 1197 3372 1262 3439; x_wconf 88' lang='lat' dir='ltr'>iam</span> 
     </span>
     <span class='ocr_line' id='line_1_30' title="bbox 161 3477 1262 3568; baseline 0.005 -27"><span class='ocrx_word' id='word_1_238' title='bbox 161 3477 282 3544; x_wconf 84' lang='lat' dir='ltr'>iuvenis</span> <span class='ocrx_word' id='word_1_239' title='bbox 304 3482 398 3564; x_wconf 84' lang='lat' dir='ltr'>longe</span> <span class='ocrx_word' id='word_1_240' title='bbox 418 3484 638 3564; x_wconf 82' lang='lat' dir='ltr'>peregrinatus</span> <span class='ocrx_word' id='word_1_241' title='bbox 659 3482 713 3568; x_wconf 83' lang='lat' dir='ltr'>(ef.</span> <span class='ocrx_word' id='word_1_242' title='bbox 735 3484 821 3548; x_wconf 90' lang='lat' dir='ltr'>Plut.</span> <span class='ocrx_word' id='word_1_243' title='bbox 845 3482 909 3548; x_wconf 84' lang='lat' dir='ltr'>Sol.</span> <span class='ocrx_word' id='word_1_244' title='bbox 934 3480 977 3565; x_wconf 85' lang='lat'>2.)</span> <span class='ocrx_word' id='word_1_245' title='bbox 1000 3481 1135 3549; x_wconf 84' lang='lat' dir='ltr'>fortasse</span> <span class='ocrx_word' id='word_1_246' title='bbox 1166 3483 1262 3550; x_wconf 90' lang='lat' dir='ltr'>etiam</span> 
     </span>
     <span class='ocr_line' id='line_1_31' title="bbox 163 3566 1263 3674; baseline 0.007 -24"><span class='ocrx_word' id='word_1_247' title='bbox 163 3587 343 3670; x_wconf 83' lang='lat' dir='ltr'>Aegyptum</span> <span class='ocrx_word' id='word_1_248' title='bbox 363 3591 495 3674; x_wconf 78' lang='lat' dir='ltr'>visisset,</span> <span class='ocrx_word' id='word_1_249' title='bbox 516 3596 624 3658; x_wconf 91' lang='lat' dir='ltr'>tamen</span> <span class='ocrx_word' id='word_1_250' title='bbox 647 3612 668 3658; x_wconf 91' lang='lat' dir='ltr'>a</span> <span class='ocrx_word' id='word_1_251' title='bbox 692 3610 744 3657; x_wconf 88' lang='lat' dir='ltr'>me</span> <span class='ocrx_word' id='word_1_252' title='bbox 765 3566 938 3673; x_wconf 65' lang='lat' dir='ltr'>impetrabo</span> <span class='ocrx_word' id='word_1_253' title='bbox 963 3609 1026 3656; x_wconf 90' lang='lat' dir='ltr'>non</span> <span class='ocrx_word' id='word_1_254' title='bbox 1055 3611 1193 3674; x_wconf 87' lang='lat' dir='ltr'>possum,</span> <span class='ocrx_word' id='word_1_255' title='bbox 1225 3597 1263 3658; x_wconf 89' lang='lat' dir='ltr'>ut</span> 
     </span>
     <span class='ocr_line' id='line_1_32' title="bbox 163 3694 355 3780; baseline 0.031 -21"><span class='ocrx_word' id='word_1_256' title='bbox 163 3694 195 3761; x_wconf 90' lang='lat' dir='ltr'>id</span> <span class='ocrx_word' id='word_1_257' title='bbox 216 3697 355 3780; x_wconf 88' lang='lat' dir='ltr'>probem.</span> 
     </span>
    </p>
   </div>
   <div class='ocr_carea' id='block_1_7' title="bbox 246 3818 1261 3911">
    <p class='ocr_par' dir='ltr' id='par_1_8' title="bbox 246 3818 1261 3911">
     <span class='ocr_line' id='line_1_33' title="bbox 246 3818 1261 3911; baseline 0.006 -20"><span class='ocrx_word' id='word_1_258' title='bbox 246 3824 352 3891; x_wconf 85' lang='lat' dir='ltr'>Verba</span> <span class='ocrx_word' id='word_1_259' title='bbox 370 3824 425 3891; x_wconf 83' lang='grc' dir='ltr'>καὶ</span> <span class='ocrx_word' id='word_1_260' title='bbox 445 3818 611 3911; x_wconf 74' lang='grc' dir='ltr'><strong><em>πρότερον</em></strong></span> <span class='ocrx_word' id='word_1_261' title='bbox 631 3827 771 3908; x_wconf 92' lang='lat' dir='ltr'>permira</span> <span class='ocrx_word' id='word_1_262' title='bbox 792 3831 867 3892; x_wconf 90' lang='lat' dir='ltr'>sunt</span> <span class='ocrx_word' id='word_1_263' title='bbox 891 3831 988 3908; x_wconf 89' lang='lat' dir='ltr'>atque</span> <span class='ocrx_word' id='word_1_264' title='bbox 1021 3825 1166 3908; x_wconf 89' lang='lat' dir='ltr'>equidem</span> <span class='ocrx_word' id='word_1_265' title='bbox 1190 3848 1261 3897; x_wconf 90' lang='lat' dir='ltr'>oon·</span> 
     </span>
    </p>
   </div>
   <div class='ocr_carea' id='block_1_8' title="bbox 163 4038 1261 4213">
    <p class='ocr_par' dir='ltr' id='par_1_9' title="bbox 163 4038 1261 4213">
     <span class='ocr_line' id='line_1_34' title="bbox 269 4038 1261 4113; baseline 0.002 -17"><span class='ocrx_word' id='word_1_266' title='bbox 269 4046 294 4113; x_wconf 90' lang='lat' dir='ltr'>l)</span> <span class='ocrx_word' id='word_1_267' title='bbox 332 4043 367 4099; x_wconf 82' lang='lat' dir='ltr'>ol.</span> <span class='ocrx_word' id='word_1_268' title='bbox 385 4043 419 4098; x_wconf 84' lang='lat' dir='ltr'>E.</span> <span class='ocrx_word' id='word_1_269' title='bbox 449 4044 647 4101; x_wconf 82' lang='lat' dir='ltr'>Haasdoerffer</span> <span class='ocrx_word' id='word_1_270' title='bbox 662 4046 798 4102; x_wconf 83' lang='lat' dir='ltr'>Zeitschr.</span> <span class='ocrx_word' id='word_1_271' title='bbox 826 4045 845 4100; x_wconf 82' lang='lat' dir='ltr'>f.</span> <span class='ocrx_word' id='word_1_272' title='bbox 862 4038 1196 4100; x_wconf 80' lang='lat' dir='ltr'>Alterthumswisaenech</span> <span class='ocrx_word' id='word_1_273' title='bbox 1216 4040 1261 4099; x_wconf 86' lang='lat' dir='ltr'>ed.</span> 
     </span>
     <span class='ocr_line' id='line_1_35' title="bbox 163 4128 1028 4213; baseline 0.007 -22"><span class='ocrx_word' id='word_1_274' title='bbox 163 4137 258 4210; x_wconf 75' lang='lat' dir='ltr'>Bergk</span> <span class='ocrx_word' id='word_1_275' title='bbox 275 4143 304 4195; x_wconf 81' lang='lat' dir='ltr'>et</span> <span class='ocrx_word' id='word_1_276' title='bbox 323 4139 424 4196; x_wconf 71' lang='lat' dir='ltr'>caesa</span> <span class='ocrx_word' id='word_1_277' title='bbox 439 4140 478 4196; x_wconf 82' lang='lat' dir='ltr'>lv</span> <span class='ocrx_word' id='word_1_278' title='bbox 497 4141 590 4213; x_wconf 78' lang='lat' dir='ltr'>(isco)</span> <span class='ocrx_word' id='word_1_279' title='bbox 608 4160 651 4198; x_wconf 81' lang='lat' dir='ltr'>nr.</span> <span class='ocrx_word' id='word_1_280' title='bbox 672 4145 704 4197; x_wconf 83' lang='lat'>13</span> <span class='ocrx_word' id='word_1_281' title='bbox 724 4128 752 4213; x_wconf 79' lang='lat' dir='ltr'>n·</span> <span class='ocrx_word' id='word_1_282' title='bbox 774 4145 831 4197; x_wconf 71' lang='grc' dir='ltr'>ιον.</span> <span class='ocrx_word' id='word_1_283' title='bbox 1012 4159 1028 4197; x_wconf 78' lang='lat' dir='ltr'>e</span> 
     </span>
    </p>
   </div>
   <div class='ocr_carea' id='block_1_9' title="bbox 1420 4144 1440 4209">
    <p class='ocr_par' dir='ltr' id='par_1_10' title="bbox 1420 4144 1440 4209">
     <span class='ocr_line' id='line_1_36' title="bbox 1420 4144 1440 4209; baseline 0 0"><span class='ocrx_word' id='word_1_284' title='bbox 1420 4144 1440 4209; x_wconf 74' lang='lat' dir='ltr'>A</span> 
     </span>
    </p>
   </div>
   <div class='ocr_carea' id='block_1_10' title="bbox 0 0 1464 4675">
    <p class='ocr_par' dir='ltr' id='par_1_11' title="bbox 0 0 1464 4675">
     <span class='ocr_line' id='line_1_37' title="bbox 0 0 1464 4675; baseline 0 0"><span class='ocrx_word' id='word_1_285' title='bbox 0 0 1464 4675; x_wconf 95' lang='lat' dir='ltr'> </span> 
     </span>
    </p>
   </div>
  </div>
 </body>
</html>
