2892 4675
684 209 726 275 hb

152 398 257 480 posuit
286 390 503 481 ὑπομνήματα
534 388 682 476 ἱστορικά
703 395 867 461 Athenaeo
887 398 979 475 teste,
1012 396 1169 477 aquibus
1190 411 1252 461 non
1339 390 1345 402 ’

153 506 277 571 diversa
295 505 393 572 fuisse
414 504 563 569 videntur
593 498 634 565 τὰ
655 496 824 588 σποράδην
847 497 1065 589 ὑπομνήματα
1086 523 1105 568 a
1126 504 1252 571 Laertio

152 614 243 697 Diog.
255 614 279 694 l,
292 617 342 693 26,
355 615 395 677 27
418 616 452 676 et
471 611 512 691 Π,
527 615 566 675 14
588 611 720 676 laudata
737 614 769 689 ¹).
825 610 894 687 Quo
915 612 947 675 in
966 629 1062 693 opere
1084 614 1253 696 praecipue

151 722 191 790 de
211 720 407 804 philosophis
429 724 527 800 atque
548 719 650 801 poetis
670 720 745 802 egit.
767 720 875 785 Verba
896 719 994 801 igitur
1010 721 1051 785 ab
1061 721 1252 804 Hieronymo

151 835 302 912 excerpta
323 828 577 909 antiquissimum
594 829 815 894 testiinonium
827 828 1033 894 Politicorum
1054 847 1131 909 esse,
1154 835 1252 911 atque

150 938 338 1020 Spengelius
358 937 479 1020 (Ueber
503 937 664 1010 Aristotel.
693 938 822 1004 Politik.
845 938 1002 1006 Abhandl.
1040 937 1070 1003 d.
1102 938 1251 1005 Mdnchm

153 1046 250 1111 Acad
258 1046 324 1125 V,l
350 1045 444 1127 pit)
466 1050 499 1111 et
512 1046 653 1113 Heitaius
672 1052 776 1127 para
800 1064 908 1111 errare
930 1046 1077 1111 videntur
1100 1051 1252 1127 putantes

153 1154 371 1235 antiquissima
391 1155 570 1221 testimonia
592 1174 661 1220 esse
680 1155 789 1221 indicis
813 1162 909 1235 atque
931 1154 1106 1220 Alexandri
1126 1156 1250 1236 Aphro
1344 1199 1347 1206 -

153 1261 294 1327 disiensis
316 1260 383 1345 (qui
406 1261 521 1327 Seuero
544 1269 578 1327 et
601 1262 768 1327 Caracalla
789 1262 995 1343 regnantibus
1016 1262 1109 1346 vixit)
1132 1263 1251 1332 adMe·

151 1370 274 1452 taphys.
295 1389 327 1450 p.
342 1374 422 1450 15,6
437 1370 513 1436 Bon.
530 1371 733 1434 Politicorum
745 1371 849 1436 locum
873 1371 1024 1453 (p.1254⁸
1047 1374 1098 1449 15)
1122 1373 1252 1439 afferen-

151 1478 236 1553 tis2).
258 1478 431 1557 Diogenem
454 1496 528 1542 vero
552 1479 767 1542 narrationem
795 1478 976 1561 Hieronymi
1009 1487 1049 1547 e'x
1079 1480 1252 1562 Hermippo

152 1584 302 1663 hausisse,
315 1590 411 1664 atque
425 1586 509 1668 aprrd
524 1586 656 1650 eundem
669 1585 877 1651 Plutarchum
893 1606 963 1652 earn
975 1590 1087 1671 legisse
1104 1590 1251 1654 arbitror.

232 1692 368 1758 Omnino
388 1697 493 1757 autem
517 1694 696 1774 negaverim
708 1695 918 1759 Plutarchum
931 1697 1136 1763 Aristotelem
1148 1698 1250 1779 ipsum

149 1801 271 1882 legisse,
295 1800 379 1881 quod
399 1801 584 1881 Heerenius,
606 1802 760 1884 Haugius,
783 1804 837 1866 alii
858 1804 1050 1871 existimant.
1083 1806 1125 1871 Hi
1144 1807 1251 1872 multis

148 1908 265 1988 locisl)
298 1909 504 1973 enuntiarunt
533 1915 630 1989 atque
657 1915 883 1976 asseverarunt
902 1912 1120 1994 Plutarchum,
1151 1932 1249 1995 quan-

148 2022 218 2083 tum
239 2019 402 2100 potuisset,
436 2021 602 2101 primarios
635 2025 732 2100 atque
757 2020 892 2101 optimos
922 2021 1026 2087 fontes
1054 2022 1247 2091 adhibuisse.

63 2201 67 2206 .
149 2126 239 2204 Quod
260 2128 476 2193 testimonium
498 2128 703 2194 honorificum
726 2130 754 2193 ei
783 2148 848 2193 nnn
869 2129 1009 2195 dandum
1030 2149 1099 2198 esse
1127 2133 1247 2215 opinor,

148 2235 244 2299 immo
278 2234 437 2302 affirmare
459 2236 533 2301 licet
564 2255 637 2302 eurn
666 2253 762 2317 quam
796 2238 936 2302 maxime
964 2238 1068 2305 fontes
1087 2240 1246 2307 derivatos

149 2342 243 2424 (quos
253 2346 455 2411 secundarios
467 2345 639 2427 vocamus),
655 2346 709 2425 qui
727 2346 755 2409 ei
774 2346 911 2426 aptiores
922 2352 1023 2429 erant,
1037 2349 1247 2431 exscripsisse.

148 2452 304 2517 Auctores
323 2470 397 2517 vero
420 2453 531 2518 citatos
556 2455 745 2535 plerumque
773 2453 911 2521 fontibus
932 2456 1035 2537 debet,
1070 2476 1151 2538 quos
1178 2464 1247 2526 turn

147 2565 275 2628 tantum
307 2561 423 2628 diserte
452 2562 602 2643 nominat,
634 2581 706 2628 cum
735 2563 774 2627 de
805 2565 940 2631 veritate
965 2583 1075 2633 eorum
1109 2569 1247 2649 quaein

144 2669 185 2735 iis
204 2669 355 2753 leguntur
374 2671 509 2737 dubitat.
564 2672 680 2750 Quodsi
702 2672 734 2736 in
754 2672 839 2738 sonte
861 2673 962 2739 multa
989 2676 1170 2742 testimonia
1206 2695 1247 2743 ex

65 2846 67 2851 ,
146 2778 215 2842 aliis
234 2779 439 2860 scriptoribus
456 2782 558 2846 allata
579 2785 680 2860 erant,
703 2783 800 2847 etiam
824 2782 910 2863 apud
921 2783 1132 2851 Plutarchum
1140 2786 1247 2851 multa

148 2885 360 2952 inveniuntur.

230 2992 347 3058 Iamsi
381 2996 637 3077 quaesiverimus,
670 2999 785 3079 quibus
816 3000 957 3067 fontibus
988 3001 1178 3067 Plutarchus
1210 3003 1242 3067 in

148 3239 332 3311 Theophrasti
355 3245 489 3314 Epistolia
517 3233 626 3314 afferre,
656 3254 739 3319 putat
769 3251 968 3320 Hieronymum
997 3267 1058 3305 asse
1077 3250 1244 3306 Gordianum

145 3337 233 3394 illum.
283 3341 337 3408 Qui
366 3344 490 3412 quemvis
520 3347 549 3398 in
576 3346 778 3402 diadochorum
800 3349 918 3404 historia
937 3348 1009 3403 illud
1027 3366 1270 3404 commemorare·

143 3436 277 3504 potuerit,
297 3443 391 3493 tamen
410 3441 478 3494 mihi
495 3442 525 3496 id
545 3445 658 3498 obstare
676 3445 798 3511 ridetur,
826 3445 902 3514 quod
920 3444 1081 3501 Athenaeus
1106 3446 1170 3503 solo
1194 3464 1244 3501 no-

143 3524 218 3586 mirie
236 3529 396 3605 Ἱερώνυμος
414 3536 580 3606 plerumque
598 3539 739 3593 Rhodium
756 3540 894 3609 designat.

217 3628 243 3697 1)
263 3627 303 3682 cf.
322 3630 436 3701 Koeplre
456 3632 492 3685 de
512 3633 642 3705 hypomn.
661 3653 753 3706 green.
772 3655 800 3706 p.
815 3639 857 3691 12.

216 3728 243 3791 2)
263 3724 363 3793 Siquis
382 3728 535 3783 coniecerit
547 3731 728 3786 Aristotelem
738 3732 814 3786 illius
824 3734 865 3786 rei
875 3734 960 3788 etiarn
978 3735 1007 3790 in
1026 3734 1149 3804 politicis
1163 3752 1242 3791 men·

143 3821 250 3875 tionem
266 3821 376 3888 fecisse,
394 3825 523 3893 equidem
541 3845 598 3881 non
615 3846 731 3897 prorsus
749 3829 922 3901 refragabor,
941 3830 1065 3900 quamvis
1085 3832 1183 3888 melius
1204 3836 1240 3888 sit

132 3919 221 3971 certa
240 3919 337 3972 tenere
356 3937 437 3987 quam
456 3921 565 3977 incerta
584 3927 718 3981 statuere.
1048 3972 1051 3980 ,
1141 3956 1146 3986 z

215 4015 244 4081 3)
262 4013 297 4068 cl.
308 4014 409 4085 Haugii
421 4019 545 4088 praeftpi
556 4019 607 4074 IX:
625 4021 691 4076 Man
709 4022 784 4076 kann
801 4042 836 4078 zu
855 4025 948 4079 seiner
963 4023 1042 4081 Ehre.
1057 4042 1153 4096 sagon,
1175 4026 1239 4081 dass

143 4124 173 4161 er
195 4108 253 4163 sich
271 4112 404 4189 meistens
422 4131 458 4167 an
476 4115 521 4170 die
541 4117 637 4172 beaten
657 4119 907 4176 Gewihrsminner
923 4120 1056 4192 gehalten
1072 4121 1130 4177 hat.
