2892 4675
701 211 746 278 39

180 380 253 460 rum
274 392 391 476 inuirh'a
410 393 573 474 opinionis,
596 411 680 478 quae
702 393 871 475 praecipue
890 393 1044 468 Herodoti
1068 393 1197 476 propria
1217 396 1277 471 est,
1404 464 1410 473 ,

178 504 283 573 ἰὲιιιῐ
304 521 367 570 non
389 503 486 572 hcoat
517 507 659 570 statuero
690 503 845 569 Herodoti
877 503 1063 573 relationem
1089 514 1211 576 ,umam
1243 507 1279 574 et

178 613 342 695 antiquam
355 630 442 682 esse.
485 611 635 680 Ceterum
656 613 828 680 relationes
844 613 941 678 etiam
961 613 1035 678 aliis
1063 612 1158 692 rebus
1175 679 1179 686 ,
1194 612 1279 688 inter

179 742 215 790 se
236 721 395 816 differunt.
436 723 533 788 Velut
552 722 747 788 Plutarchus
766 727 877 788 namot
899 722 1044 805 precibus
1066 721 1171 788 &cesi
1193 737 1278 788 com·

179 837 301 899 motum
326 832 474 900 &lenem
488 832 535 904 ,ad
550 849 624 898 oum
646 832 777 911 sensae,
811 832 897 913 quod
917 831 1097 902 Herodotus
1124 831 1271 912 ,ignorat

180 946 212 1007 et
243 958 328 1022 quae
345 940 399 1006 hic
419 938 459 1004 de
479 938 585 1006 Croesi
617 937 691 1005 filiis
711 943 745 1006 et
765 939 926 1021 Lydorum
948 957 1023 1020 rege
1045 939 1226 1020 Apollinem
1248 939 1280 1006 in

179 1055 249 1117 toro
276 1050 472 1131 imprecante
500 1049 609 1130 tradit,
644 1050 732 1131 apud
760 1049 970 1115 Plutarchum
1005 1048 1129 1115 desunt.
1185 1048 1279 1116 certe

177 1158 369 1234 Plutarchus
390 1158 487 1226 aliam
508 1158 696 1226 relationem
718 1161 846 1224 secutus
865 1174 933 1224 osse
969 1156 1102 1236 videtur,
1125 1175 1209 1238 quae
1229 1160 1277 1224 to·

180 1288 253 1337 men
277 1267 473 1334 Herodotum
496 1267 803 1348 responsumque
839 1268 992 1332 nonnulla
1022 1267 1123 1336 verba
1152 1266 1278 1332 Plutar-

181 1377 231 1442 chi
252 1376 364 1446 eadem
380 1381 461 1450 ‚sunt
480 1380 577 1456 atque
591 1376 754 1452 Herodoti,
789 1377 878 1442 velut
896 1369 1096 1460 θησαυροὺς
1119 1373 1280 1455 ἐπιδεῖξαι

184 1476 414 1560 -ὑποδὺντες
441 1477 645 1567 ἑκόμισαν-
666 1482 727 1550 οὐκ
750 1479 800 1549 ἔτι
823 1473 1278 1572 ἐνέστησαν-ἀνεβιβάσθη

184 1591 364 1679 δεδεμένος,
387 1594 435 1660 cui
467 1594 596 1675 quidem
616 1594 662 1662 roi
705 1613 768 1660 non
800 1595 938 1662 multum
977 1593 1180 1664 tribuendum
1220 1600 1278 1662 est.

178 1703 291 1783 Neque
313 1703 396 1784 alibi,
419 1704 474 1769 uhi
495 1705 604 1785 ntique
626 1706 840 1774 necessarium
866 1704 939 1782 fuit,
959 1705 1047 1770 velut
1076 1704 1110 1771 in
1132 1703 1279 1772 husam

180 1815 213 1877 et
255 1811 474 1879 Themistoclis
495 1813 577 1894 vitis,
600 1814 796 1882 Plutarchus
818 1814 979 1881 Herodoto
1003 1831 1082 1880 usus
1100 1818 1158 1880 est
1182 1813 1280 1891 Quod

180 1923 291 1986 utrum
309 1919 431 2000 decerit,
454 1922 538 2001 quia·
551 1939 646 2002 aegre
666 1920 789 1988 ferebat
812 1920 1008 1988 Herodotum
1030 1922 1171 2003 patriam·
1188 1940 1280 1990 suam
1357 1989 1365 2016 Ι

176 2028 379 2110 Διίῑιιιιειάειι
402 2046 443 2093 an
465 2029 540 2110 quia
560 2029 713 2110 aptiorem
736 2028 854 2097 fcnmm
875 2030 1085 2113 praeferebat,
1108 2030 1279 2099 diiudirmo

181 2154 245 2204 non
266 2137 377 2203 ausim.
421 2135 512 2214 Quod
532 2155 607 2203 sero
630 2137 727 2204 Solon
747 2158 819 2208 oum
846 2138 962 2206 Croeso
996 2138 1174 2206 marcuisse
1201 2139 1277 2205 dici·

176 2248 242 2324 tur,
264 2244 297 2312 id
318 2243 425 2316 fimum
447 2264 515 2311 esse
539 2246 603 2314 iam
624 2267 716 2315 nemo
746 2248 892 2331 negabit3
920 2249 1054 2316 fortasse
1085 2248 1125 2314 ab
1149 2249 1278 2315 Atheni·

179 2354 305 2422 ensibus
326 2356 541 2438 excogitatum
563 2363 620 2438 ost,
644 2359 697 2438 qui
722 2358 897 2440 sapientem
925 2377 1018 2427 suum
1041 2361 1140 2424 civem
1164 2358 1279 2425 Croeso

179 2463 248 2545 regi
263 2481 421 2544 opponere
435 2464 593 2532 volebant.
619 2465 785 2547 Temporis
803 2467 942 2534 rationes
960 2485 1091 2547 prorsus
1105 2466 1234 2533 obstant
1244 2466 1278 2550 ¹),

180 2575 278 2667 atque
300 2573 402 2638 multa
426 2579 613 2654 commenta,
632 2573 748 2655 quibus
764 2575 822 2640 viri
837 2574 920 2640 docti
935 2573 1058 2641 efficere
1071 2576 1176 2642 conati
1195 2580 1279 2655 sunt,

112 2684 121 2701 ¹
180 2685 217 2747 ut
239 2679 328 2747 fama
349 2684 485 2765 tempori
508 2684 697 2763 conveniret,
719 2682 824 2749 futilia
853 2701 1023 2764 moraeque
1052 2702 1157 2765 nugae
1189 2688 1274 2761 sunt,

180 2792 226 2857 ita
247 2795 286 2855 ut
303 2806 341 2856 ea
364 2791 440 2857 nihil
462 2792 598 2858 attineat
620 2811 875 2859 commemorare.
916 2793 984 2858 Iam
1003 2784 1130 2859 veteres
1149 2792 1278 2873 qnidam

182 2896 262 2963 illud
279 2904 517 2980 perspexerunt,
539 2900 630 2966 cuins
652 2901 697 2965 rei
721 2900 914 2967 Plutarchus
935 2921 960 2967 c.
984 2905 1024 2966 27
1045 2919 1102 2968 nos
1124 2902 1274 2968 certiores

181 3005 266 3073 facit.
310 3005 414 3072 Causa
435 3018 521 3086 uero,
543 3025 640 3088 quam
661 3007 711 3074 hic
732 3014 843 3075 contra
865 3009 934 3075 illos
955 3009 1078 3091 profert
1108 3009 1279 3077 admodum

181 3113 311 3198 insignis
339 3118 388 3180 est
418 3115 459 3181 ad
490 3114 781 3197 demonstrandum,
807 3123 1004 3200 quantopere
1044 3118 1123 3187 artis
1153 3119 1280 3187 criticae

182 3239 296 3304 expers
315 3223 365 3297 sit.
407 3224 508 3294 Putat
528 3226 611 3292 enim
634 3224 729 3294 fidem
752 3227 837 3301 illius
864 3228 1055 3299 sanationis
1080 3227 1219 3297 maxime
1240 3247 1277 3297 eo

180 3329 317 3412 probari,
345 3333 430 3414 quod
439 3352 571 3414 prorsus
591 3333 713 3403 Solonis
735 3337 876 3405 moribus
897 3338 1074 3419 comoniat,
1098 3341 1197 3418 atque
1215 3337 1280 3405 tale

180 3445 406 3520 argumentum
439 3442 536 3507 etiam
561 3444 694 3519 testium
713 3444 898 3511 auctoritati
928 3444 1282 3526 praeponendumssse

181 3546 308 3613 tabulas
333 3553 441 3614 autem
464 3551 700 3632 chronologicas
735 3551 886 3621 virorum,
900 3553 1067 3625 doctorum
1100 3554 1191 3635 quasi
1216 3553 1279 3621 fide

181 3653 327 3737 indignas
348 3658 528 3723 contemnit.
744 3697 746 3701 -
804 3676 806 3681 ·
1256 3696 1268 3723 ·,

233 3798 236 3811 ·
263 3763 375 3845 Neque
407 3783 481 3831 vero
513 3767 615 3835 solum
647 3767 722 3833 locis
744 3770 871 3853 allatis,
904 3772 959 3840 sed
978 3772 1087 3839 multis
1108 3772 1179 3839 aliis
1199 3772 1279 3839 mihi

94 3866 98 3872 ’
177 3872 374 3943 Plutarchus
393 3893 436 3951 ex
457 3874 622 3958 Hermippi
643 3875 731 3943 libris
752 3877 904 3949 xharisisse
930 3881 1066 3963 videtur,
1101 3880 1222 3962 quibus.
1246 3883 1279 3949 id

219 4128 242 4163 -t
255 4114 618 4185 llFortesse-dolcnonm
630 4116 686 4173 ah'o
698 4117 848 4189 'Lydorum
860 4136 937 4192 ‘rege
953 4137 1122 4192 congrum
1136 4124 1200 4183 est·
1219 4140 1230 4155 ¹·
1248 4134 1272 4161 r*
